2567 3316
1164 186 1244 229 lo

207 331 316 371 verbo
336 333 552 384 perspicere
577 332 815 384 sapientiam,
849 329 952 370 Pers·
970 329 1007 380 4,
1033 329 1071 379 4,
1095 328 1133 370 4.
1186 332 1225 369 in
1246 335 1365 383 parte
1381 329 1457 370 lta'e
1481 332 1619 370 amanti
1643 335 1686 370 ut
1707 330 1820 370 liceat
1843 332 1878 369 ei
1898 333 2069 383 potii-ier,
2096 330 2199 370 Asin.

207 404 245 452 5,
270 403 307 449 2,
334 403 398 445 66.
422 406 450 456 ¹)

310 552 348 591 9.
402 548 615 607 Singularis
648 557 704 590 est
736 549 916 590 Plautina
948 548 1134 604 loquendi
1170 548 1340 591 formula
1366 552 1405 589 in
1431 553 1641 603 quaestione
1666 552 1782 590 alicui
1807 564 1884 590 esse
1917 566 1989 607 pro
2023 565 2197 604 quaeren-

207 628 294 664 dum
321 639 415 663 esse.-
665 670 669 674 δ

311 699 372 738 Ne
397 700 437 736 in
464 701 678 750 quaestione
708 700 797 737 mila·
823 701 887 744 sit,
922 701 956 738 si
989 701 1083 751 quid
1108 702 1189 739 etim
1214 699 1339 743 veb‘m,
1374 697 1466 738 Cist.
1492 697 1529 746 2,
1555 697 1593 746 3,
1619 697 1681 738 49.
1733 700 1814 739 Se'd
1837 700 1975 738 videsis
2000 712 2046 737 ne
2071 701 2110 736 in
2136 713 2196 750 qu.

206 777 274 817 sis,
301 772 452 825 quando
479 772 678 817 arcessa'm,
713 772 820 821 mihi,
855 771 991 812 Pseud.
1017 772 1055 820 2,
1081 772 1118 822 2,
1143 771 1207 813 68.
1260 772 1426 824 Edepol
1449 772 1516 811 tibi
1540 785 1587 811 ne
1612 773 1651 811 in
1677 786 1736 825 qu.
1764 775 1939 820 esse'mus,
1973 777 2119 812 cantum
2146 774 2197 811 in-

208 846 350 897 te'lleyo,
377 845 489 900 Capt.
515 846 552 895 2,
578 846 615 892 2,
642 844 679 886 3.
699 846 733 897 ²)
787 848 866 886 Sed
888 849 1017 898 re'eipe
1042 852 1076 886 te
1101 850 1275 900 quamnim
1298 852 1424 898 potes.-
1458 859 1549 885 eave
1574 848 1625 885 sis
1650 849 1701 885 mi
1726 849 1765 884 in
1791 849 2013 899 quaestione,
2042 846 2143 885 Pers.
2164 846 2197 894 l,

209 919 243 968 l,
269 919 332 958 52.
354 920 386 969 ³)

315 1066 376 1106 10.
431 1067 475 1105 In
501 1080 590 1106 cum
617 1064 898 1123 temporalibus
925 1067 1149 1107 notionibus
1174 1071 1349 1106 iunctum
1375 1074 1443 1106 aut
1460 1067 1690 1106 continuum
1714 1065 1875 1119 aliquod
1892 1066 2076 1122 temporis
2102 1079 2198 1121 spa-

207 1140 304 1178 tium
331 1154 410 1192 quo
446 1138 594 1192 aliquid
627 1141 770 1196 agitur,
805 1148 872 1180 aut
907 1139 1170 1180 numeralibus
1203 1141 1392 1180 adverbiis
1428 1130 1751 1195 praecedentibus
1785 1147 1892 1179 certo
1929 1138 2059 1191 aliquo
2095 1138 2196 1178 illius

207 1214 322 1268 spatii
348 1221 496 1267 puncto
523 1212 673 1266 aliquid
699 1213 784 1253 fieri
812 1214 975 1254 indicat:

311 1287 519 1338 Pro'diyum
545 1293 580 1324 te
601 1285 722 1338 fuisse
747 1293 891 1338 oportet
915 1288 1002 1325 o'lim
1027 1290 1066 1324 in
1092 1286 1344 1324 adulescentia
1375 1287 1414 1335 (i.
1442 1302 1475 1325 e.
1502 1301 1575 1342 per
1600 1293 1753 1341 tempus
1780 1284 2072 1334 adolescentiae,
2105 1300 2195 1323 cum

208 1360 432 1400 adolescens
459 1364 593 1411 esses),
625 1361 768 1415 Amph.
795 1362 834 1409 4,
860 1363 898 1409 2,
927 1363 988 1400 11.
1015 1360 1064 1400 cf.
1097 1362 1171 1414 Ep.
1205 1361 1243 1408 3,
1269 1362 1307 1409 3,
1332 1361 1370 1400 6.
1406 1361 1467 1399 10.
1500 1361 1564 1400 51.
1618 1361 1653 1409 3,
1679 1362 1718 1407 4,
1747 1361 1807 1399 13.
1862 1361 1999 1399 Bacch.
2027 1360 2064 1406 3,
2092 1360 2129 1406 3,
2155 1360 2192 1399 6.

208 1433 326 1474 Merc.
352 1434 389 1483 2,
419 1435 452 1484 l,
478 1434 542 1474 40.
595 1434 731 1475 Pseud.
762 1435 796 1483 l,
823 1435 860 1483 5,
887 1434 950 1475 22.
1003 1436 1109 1475 Satin
1131 1449 1254 1485 parva
1278 1437 1340 1473 re's
1367 1440 1422 1473 est
1444 1434 1670 1486 voltiptatum
1703 1436 1742 1473 iu
1773 1438 1849 1474 vita
1875 1440 1985 1486 atque
2010 1435 2050 1472 in
2076 1436 2196 1472 ae'tate

208 1508 370 1560 αφὶπιία,
397 1506 538 1564 Amph.
565 1507 601 1558 2,
627 1507 664 1553 2,
694 1507 714 1548 1
743 1521 799 1561 sq.
853 1510 905 1548 ita
931 1511 1063 1561 cuique
1088 1512 1142 1547 est
1165 1508 1205 1546 in
1231 1509 1302 1546 aet.
1328 1507 1513 1547 homimim
1539 1508 1802 1559 comparatum,
1829 1506 1881 1547 ib.
1907 1506 1945 1546 4.
1973 1504 2039 1558 (cf.
2067 1505 2195 1554 Lind.)

207 1583 246 1620 in
278 1581 374 1620 Ιιόηι.
410 1586 480 1620 aet.
514 1582 626 1620 ηηὶὶια
659 1583 828 1620 eveniunt
858 1582 1083 1627 huiusmodi,
1118 1580 1169 1619 ih.
1197 1580 1233 1630 3,
1259 1580 1298 1629 2,
1323 1580 1388 1620 57.
1440 1593 1553 1632 saepe
1585 1586 1654 1620 aet.
1688 1585 1726 1619 in
1759 1594 1828 1619 sua
1861 1582 2039 1620 Perdidit
2068 1583 2195 1625 civem,

208 1655 313 1692 Men.
347 1655 386 1701 5,
412 1654 450 1702 2,
475 1654 539 1692 85.
592 1658 692 1692 omni
722 1658 762 1692 in
794 1658 865 1692 ae't.
898 1658 1042 1704 se'mper
1077 1656 1284 1697 Οηιάπᾱιτ,
1317 1655 1436 1692 Poen.
1464 1654 1499 1701 1,
1525 1654 1562 1702 2,
1590 1654 1652 1692 18.
1705 1658 1745 1691 in
1777 1658 1849 1692 ae't.
1882 1657 1978 1692 hom.
2010 1656 2198 1703 pluit-imae

207 1730 323 1766 thznt
346 1733 574 1775 tramennae,
599 1727 699 1766 Rud.
726 1727 767 1774 4,
791 1728 827 1775 7,
853 1727 891 1766 9.
944 1730 984 1764 in
1010 1733 1079 1765 aet.
1106 1728 1195 1764 utile
1220 1730 1321 1776 (est),
1347 1726 1460 1765 Trin.
1480 1727 1515 1775 1,
1543 1727 1578 1774 l,
1603 1727 1642 1765 2.
1704 1728 1904 1778 Vtramque
1928 1731 1968 1764 in
1994 1733 2065 1765 aet.
2091 1728 2199 1766 baad

208 1800 407 1845 bmnm’st,
440 1798 492 1839 ib.
519 1799 556 1848 2,
582 1799 619 1849 4,
645 1798 709 1839 61.
759 1799 804 1838 ”in
836 1802 984 1839 sene'eta
1015 1799 1109 1838 male
1138 1802 1306 1851 quere're,
1339 1798 1454 1839 Most.
1484 1799 1519 1845 l,
1545 1798 1582 1849 3,
1607 1797 1672 1839 60.
1725 1797 1819 1838 Εᾶηι
1839 1801 1962 1851 pudet
1984 1814 2041 1838 me
2067 1801 2130 1839 tibi
2157 1802 2197 1839 in

207 1877 353 1913 senecta
378 1873 537 1913 obiicere
561 1872 852 1918 sollicitudinem,
880 1870 963 1913 Mil.
977 1871 1013 1922 3,
1033 1872 1068 1922 l,
1084 1871 1145 1912 29.
1185 1873 1354 1913 Deearso
1380 1875 1420 1912 in
1445 1874 1567 1924 spatio
1594 1873 1702 1912 bre've
1728 1874 1832 1925 quod
1856 1874 1953 1911 vitae
1969 1873 2194 1917 relicuomst,

207 1946 325 1985 Mero.
354 1945 390 1995 3,
416 1946 453 1993 2,
479 1945 517 1984 4.
571 1947 666 1997 quid
689 1948 739 1983 ηιί
765 1951 820 1984 est
843 1948 882 1983 in
909 1947 985 1983 οἰίά
1010 1947 1123 1984 boni?
1155 1945 1208 1984 ib.
1234 1945 1273 1993 2,
1299 1945 1337 1994 4,
1363 1944 1400 1985 3.
1453 1946 1496 1983 In
1521 1947 1580 1984 his
1605 1947 1734 1984 diebus
1760 1946 1815 1995 (in
1842 1948 1908 1986 ben
1935 1946 2089 1995 nd'dyfien
2116 1940 2193 1986 ἴδας

209 2023 311 2073 gen),
346 2020 458 2074 Capt.
488 2020 521 2066 1,
547 2020 585 2063 2,
613 2019 675 2057 65.
728 2020 811 2069 Eyo
832 2021 931 2069 [ότι-ο
957 2022 1064 2057 dicat
1086 2032 1143 2056 me
1168 2023 1206 2056 in
1232 2022 1271 2057 d.
1293 2020 1468 2068 paviculis
1498 2019 1660 2057 Cmdaeim
1690 2021 1806 2056 virum
1832 2032 1920 2064 esse,
1946 2018 2065 2056 Truc.
2092 2019 2128 2065 2,
2154 2018 2191 2066 8,

208 2092 268 2133 13.
322 2096 361 2131 in
394 2093 465 2132 hoc
499 2094 622 2131 m'dtw
655 2092 710 2145 (in
744 2095 811 2133 ben
844 2092 1000 2142 nd'cbsten
1033 2090 1060 2131 3
1090 2093 1158 2142 Ξ.)
1185 2115 1233 2122 —
1262 2092 1423 2130 evolvam
1454 2093 1499 2131 s‘d
1529 2097 1733 2143 argentum,
1768 2091 1903 2131 Pseud.
1942 2091 1975 2139 l,
2009 2090 2044 2140 3,
2078 2090 2141 2131 82.
2159 2092 2190 2141 ⁴)

271 2308 302 2344 ¹)
338 2310 436 2340 semel
457 2313 577 2338 tantum
600 2307 633 2337 in
653 2313 743 2343 parte
766 2317 821 2345 pro
844 2317 884 2338 ea·
904 2312 993 2342 parte
1014 2309 1083 2338 sive
1103 2306 1219 2342 partim
1240 2308 1355 2346 legitur
1377 2308 1460 2344 apud
1482 2308 1645 2345 Plautum3
1678 2308 1788 2337 Lamb.
1811 2312 1842 2337 et
1863 2308 1953 2337 Both.
1976 2306 2008 2336 in
2028 2313 2158 2341 narrem.

265 2382 300 2419 ²)
334 2384 377 2414 ita
404 2393 423 2414 e
450 2381 502 2422 Ap
533 2391 551 2413 a
579 2392 620 2413 m.
653 2391 718 2413 sec.
747 2383 916 2423 legendum
945 2391 1002 2421 pro
1023 2382 1112 2423 vulg.
1139 2390 1178 2413 ue
1200 2379 1384 2420 quaestioni.
1426 2381 1467 2411 Et
1489 2381 1630 2411 similiter
1651 2381 1723 2412 fort.
1745 2381 1912 2422 legendnm
1935 2382 2009 2412 Cas.
2030 2377 2061 2421 3,
2086 2378 2115 2421 l,
2138 2378 2189 2413 16.

335 2445 402 2477 sed
425 2451 459 2476 tu
481 2454 557 2476 cave
578 2455 618 2476 ne
639 2445 673 2476 in
695 2445 876 2484 quaestione
896 2445 977 2475 ηιἼιί
996 2445 1050 2475 sis.

271 2521 306 2558 ³)
338 2522 428 2561 vulg.
451 2530 544 2559 quam
564 2521 699 2556 primum
720 2526 808 2557 potes
830 2525 862 2551 et
882 2522 955 2557 fuas
977 2529 1033 2558 pro
1056 2520 1117 2560 sis,-
1149 2521 1226 2550 illud
1249 2522 1309 2550 iam
1331 2521 1389 2550 W.
1411 2522 1608 2550 emendntum
1632 2521 1765 2550 exhibet.

266 2595 301 2632 ⁴¹)
335 2596 431 2626 Solus
454 2595 515 2625 obl.
538 2595 654 2635 legitur
674 2596 773 2625 Poen.
788 2594 820 2635 4,
835 2592 867 2635 2,
883 2592 935 2626 50.
978 2594 1028 2625 nis
1049 2595 1171 2625 duobus
1191 2594 1349 2625 mensibus
1365 2596 1511 2625 Volueres
1533 2593 1592 2625 tibi
1612 2599 1701 2625 erunt
1722 2599 1793 2623 tuae
1814 2592 1979 2632 hirquinae
2000 2599 2031 2625 et
2054 2596 2191 2626 delenda

331 2659 457 2689 videtur
479 2658 669 2696 praepositio
693 2659 725 2687 in
747 2659 826 2687 hoe:
871 2656 955 2697 Quos
984 2660 1162 2695 (nummos)
1191 2657 1338 2688 continuo
1366 2657 1429 2688 eibi
1454 2666 1599 2693 reponam
1626 2656 1696 2694 [in]
1723 2658 1782 2686 hoc
1803 2656 1909 2687 triduo
1930 2662 1987 2686 mn
2009 2658 2190 2696 quatriduo,

333 2724 422 2753 Pers.
446 2719 476 2761 l,
501 2718 530 2761 l,
555 2718 607 2752 38.
632 2722 813 2758 delevitque
835 2723 979 2753 Bothins.
1021 2723 1140 2753 Verum
1163 2723 1324 2753 Weisius:
1372 2724 1407 2761 Q.
1430 2731 1457 2753 e.
1479 2720 1542 2752 tibi
1560 2719 1704 2756 reponam
1726 2720 1760 2750 in
1782 2722 1841 2751 hoe
1862 2721 1968 2751 triduo
1989 2721 2045 2752 mu
2067 2723 2191 2761 quatri-

332 2787 396 2817 duo
417 2789 630 2816 tetrametrum
654 2786 858 2815 scutalectum
882 2787 972 2826 facit,
994 2787 1114 2819 omens
1142 2786 1174 2815 in
1203 2790 1277 2816 nota
1300 2787 1373 2815 alibi
1395 2786 1507 2823 corripi
1535 2793 1589 2814 eas
1612 2785 1768 2823 syllabas,
1802 2785 1892 2814 velut
1913 2786 2006 2815 etism
2028 2786 2191 2821 »ostridam

334 2851 401 2880 ΜίΙ.
423 2849 455 2889 4,
477 2847 509 2889 2,
532 2846 585 2880 92.
630 2850 673 2879 At
701 2850 785 2879 illius
814 2859 930 2880 versus
959 2851 1083 2881 minime
1110 2854 1196 2880 certa
1218 2855 1267 2881 est
1288 2851 1382 2888 rntiog
1419 2851 1544 2879 videtur
1566 2850 1646 2879 enim
1670 2850 1762 2879 iamb.
1784 2851 1986 2887 septenarius
2008 2859 2099 2889 esse,
2133 2853 2190 2881 sed

1691 2910 1752 2950 3.
