2567 3316
330 405 490 443 Metus
515 399 658 441 ebtbere
684 406 723 441 in
749 404 842 441 horu
868 406 954 447 ἀπα,
983 403 1035 442 ib.
1062 404 1099 453 5,
1125 403 1161 451 2,
1189 403 1250 442 11.
1277 426 1329 433 -
1373 404 1500 441 Ren'n'
1528 409 1582 442 ter
1613 407 1654 442 in
1675 406 1774 443 a'rmo
1801 409 1839 443 tu
1863 404 1933 442 Ιιάε
1960 406 2154 443 tonsitdrt?
2185 405 2323 445 Bacch.

330 478 371 524 5,
397 477 433 525 2,
458 476 497 516 9.
554 478 654 521 Quin
681 478 876 527 suspirabo
898 478 987 527 pluis
1013 480 1218 516 sexcenties
1244 482 1281 515 in
1307 478 1388 524 die,
1422 476 1526 516 Men.
1559 477 1596 526 5,
1623 477 1659 526 4,
1686 476 1723 517 8.
1748 478 1776 529 ¹)
1834 478 1983 523 Quaene
2016 475 2208 529 (mustela)
2242 483 2325 530 {psa

329 553 478 590 deciens
505 555 544 589 in
570 552 634 590 die
659 552 778 590 muta't
801 550 932 596 locum,
961 549 1083 591 Stich.
1110 550 1147 601 3,
1173 550 1209 597 2,
1236 549 1297 590 45.
1316 549 1350 602 ²)
1402 552 1442 589 in
1467 550 1622 602 sinyult's
1647 553 1843 602 stipendiis
1860 575 1912 582 —
1930 553 2082 591 manias
2107 552 2223 600 dabie,
2249 552 2323 608 Ep.

330 623 364 667 1,
394 624 429 670 l,
456 623 520 663 36.

435 771 496 810 11.
551 769 756 809 Notandae
794 769 962 821 denique
997 777 1088 808 sunt
1115 769 1306 809 formulae
1340 774 1378 809 in
1404 776 1565 821 tempore
1596 770 1620 808 i.
1648 784 1681 809 e.
1717 770 1818 810 iusto
1844 748 2041 827 teinpore,
2078 772 2185 824 quod
2220 772 2321 811 idem

327 842 412 884 solo
439 842 516 883 abl.
542 850 703 894 tempore
728 849 767 882 et
792 846 949 895 tempori
974 842 1118 882 dicitur
1144 844 1358 893 interdum,
1395 844 1546 899 saepius
1572 846 1742 894 temperi,
1777 851 1816 883 et
1841 848 1881 884 in
1903 848 2116 897 principio.-

432 918 663 956 A'lcumenae
697 920 737 954 in
769 920 933 967 tempore
965 918 1149 955 aua-iliam
1176 922 1315 968 feram,
1350 917 1490 971 Amph.
1516 916 1554 963 3,
1584 917 1617 964 l,
1647 917 1706 965 17,
1760 919 1800 955 in
1826 923 1850 956 t.
1879 921 2049 968 advenis,
2083 918 2193 973 Capt.
2220 918 2257 966 4,
2284 920 2322 964 2,

326 990 390 1030 56.
444 992 589 1030 De'dita
614 1004 731 1041 opera
759 993 798 1028 in
825 996 849 1029 t.
876 992 958 1040 ipso
983 990 1082 1040 Spe's
1108 991 1200 1028 mila·
1224 997 1353 1029 saneta
1377 992 1551 1034 sdbvenit,
1579 989 1670 1028 Cist.
1696 989 1732 1038 4,
1753 989 1788 1038 1,
1807 989 1868 1030 18.
1925 991 2018 1030 Cum
2044 993 2117 1030 huc
2142 993 2323 1031 advenisti

324 1066 438 1103 lao'die
463 1067 503 1102 in
529 1067 612 1114 ipso
640 1070 677 1108 t.‚
704 1064 822 1103 Poen.
850 1064 887 1110 5,
914 1063 949 1111 3,
980 1062 1041 1102 19.
1068 1088 1122 1094 —
1152 1067 1192 1102 in
1215 1067 1404 1115 principio
1431 1064 1546 1112 Illico,
1572 1063 1646 1117 Ep.
1673 1062 1712 1111 3,
1741 1063 1775 1113 1,
1801 1064 1839 1103 4.
1893 1067 1968 1104 iam
1994 1068 2033 1104 in
2054 1079 2136 1116 pr„
2169 1063 2255 1104 Aul.
2282 1064 2320 1112 2,

326 1139 362 1186 5,
393 1137 452 1177 13.
475 1138 506 1187 ³)
561 1138 680 1177 Poen.
707 1138 745 1182 5,
773 1138 809 1186 2,
839 1136 925 1176 146.
978 1137 1166 1189 Numquid
1189 1140 1229 1176 in
1250 1153 1313 1189 pr.
1340 1137 1495 1177 cessdvit
1518 1137 1667 1176 ve'rbum
1693 1137 1802 1177 docte
1827 1138 1980 1177 dicere?
2007 1138 2109 1179 Pers.
2127 1138 2163 1188 4,
2181 1138 2219 1187 4,
2236 1138 2272 1179 3.
2286 1137 2319 1189 ⁴)

432 1286 492 1323 12.
551 1284 677 1322 Verba
704 1284 899 1335 quaedam
925 1281 1078 1322 mosum
1105 1284 1318 1323 indicantia
1344 1285 1673 1339 praepositionem
1699 1287 1739 1322 in
1765 1298 1855 1323 cum
1883 1284 2051 1324 ablativo
2079 1286 2284 1325 asciscunt:

427 1361 467 1395 in
493 1372 562 1396 ura
588 1359 651 1395 laic
677 1359 851 1401 assidam,
881 1355 964 1396 Aul.
983 1357 1020 1405 4,
1050 1357 1084 1406 1,
1110 1357 1175 1396 20.
1228 1360 1381 1397 assidete
1405 1359 1466 1396 hic
1492 1361 1530 1395 in
1557 1359 1637 1404 ἀνα,
1664 1357 1766 1396 Rud.
1779 1356 1817 1406 3,
1836 1357 1874 1405 3,
1892 1357 1956 1397 26.
2005 1361 2106 1409 sch-te
2131 1365 2171 1398 ul
2196 1360 2320 1398 assedi

323 1435 361 1470 in
386 1436 500 1482 stega,
527 1429 667 1470 Bacch.
685 1430 722 1479 2,
740 1429 777 1479 3,
794 1429 858 1469 44.
890 1419 951 1468 'in
977 1430 1326 1479 seua—assideres,
1353 1430 1404 1470 ib.
1420 1430 1455 1475 3,
1469 1429 1505 1479 3,
1518 1429 1581 1469 28.
1635 1432 1931 1469 assedt‘sth—in
1951 1434 2089 1482 festa’vo'
2114 1432 2207 1481 loco,
2232 1429 2315 1470 Mil.

321 1505 360 1554 2,
388 1505 422 1554 1,
449 1505 486 1544 5.
540 1506 607 1543 tibi
632 1527 686 1533 —
712 1504 826 1543 multa
853 1505 948 1542 bona
975 1507 1015 1541 in
1036 1507 1193 1554 pecto're
1218 1506 1417 1548 consident,
1444 1503 1481 1542 T
1482 1518 1556 1543 nn.
1574 1504 1610 1553 2,
1636 1504 1674 1553 2,
1703 1503 1763 1543 19.
1817 1507 1925 1543 istam
1952 1505 2093 1544 colloca
2119 1509 2318 1544 cruminam

323 1581 363 1616 in
390 1578 499 1625 collo,
533 1577 641 1616 Asin.
668 1577 707 1624 3,
733 1576 771 1624 3,
798 1577 862 1616 67.
915 1577 1001 1627 Ipse
1028 1581 1066 1615 ίπ
1091 1591 1171 1615 meo
1199 1578 1292 1616 collo
1318 1579 1400 1616 ttius
1420 1583 1530 1627 pater
1557 1581 1758 1616 cruminam
1785 1578 1995 1623 collection,
2028 1578 2103 1632 Ep.
2130 1578 2167 1626 3,
2192 1578 2228 1627 2,
2253 1578 2316 1617 24.

323 1652 409 1690 Nae
432 1651 535 1689 illum
563 1651 700 1701 e'depol
724 1650 837 1688 multa
863 1652 903 1688 in
924 1653 1081 1701 pe'ctore
1106 1664 1173 1688 suo
1201 1651 1381 1689 co'llocme
1405 1652 1557 1701 opo'rtet,
1584 1650 1685 1689 Pers.
1716 1651 1751 1698 l,
1780 1651 1814 1700 1,
1840 1650 1878 1690 8.
1894 1651 1928 1700 ⁶)
1981 1654 2020 1689 in
2046 1656 2148 1702 τευ-90
2173 1674 2225 1681 —-
2252 1654 2315 1689 ἐκ·

451 1847 514 1873 tam
538 1843 645 1872 multis
669 1843 821 1880 spondeis
844 1846 875 1872 et
896 1843 1096 1882 anapaestis,
1129 1846 1164 1872 ut
1185 1842 1295 1871 verius
1318 1850 1372 1879 pro
1401 1843 1602 1880 nnspscstico
1624 1846 1808 1873 tetrametro
1826 1844 1997 1882 habeatur,
2023 1843 2066 1872 its
2088 1846 2123 1872 ut
2144 1843 2235 1872 etism
2258 1851 2315 1880 po-

450 1912 586 1936 stremae
615 1908 701 1943 ‚duae
731 1907 873 1942 syllnbne
894 1906 1056 1942 postriauo
1078 1907 1227 1936 vocabuli
1250 1915 1344 1936 unsm
1366 1907 1491 1946 longam
1514 1910 1570 1954 ιιιιῐΙ
1590 1907 1670 1936 duas
1693 1907 1809 1937 breves
1832 1906 1989 1937 efficiant:
2031 1905 2202 1937 Postriauo
2223 1911 2314 1937 natus

448 1980 518 2001 sum
540 1969 595 2007 dyo
617 1969 741 2007 mulier,
765 1979 857 2008 quam
868 1969 1010 2006 ldmn‘eer
1031 1979 1072 2001 esc
1085 1971 1150 2006 ope
1171 1969 1289 2000 nu'tust.
1332 1970 1498 2001 Praeterea
1520 1971 1637 2009 duplex
1660 1971 1764 2001 hiatus
1787 1974 1818 2001 et
1839 1971 2004 2010 productio
2026 1968 2060 2000 in
2076 1971 2313 2009 praepositionis

447 2040 510 2064 tarn
534 2038 583 2064 est
604 2035 672 2070 veri
696 2035 874 2073 dissimilis,
904 2038 939 2063 ut
968 2035 1021 2063 illa
1043 2035 1161 2064 Weisii
1190 2035 1271 2063 ratio
1300 2035 1423 2064 omnino
1451 2035 1622 2064 reiicienda
1650 2036 1806 2065 videntur.
1850 2035 2039 2064 Producitur
2065 2038 2168 2063 sutem
2190 2043 2314 2072 semper

448 2098 589 2129 triduum
618 2099 703 2136 opud
732 2099 897 2137 Plautum,
930 2099 1020 2128 velut
1047 2099 1141 2128 Asin.
1168 2094 1201 2137 2,
1232 2096 1263 2136 4,
1292 2094 1343 2127 22.
1386 2099 1500 2129 Bacch.
1523 2095 1554 2137 3,
1577 2096 1608 2138 3,
1631 2097 1683 2129 57.
1728 2099 1806 2130 cist.
1830 2096 1860 2138 1,
1885 2096 1915 2137 l,
1939 2094 2010 2128 106.
2033 2099 2104 2133 (ubi
2126 2098 2196 2128 fort.
2218 2107 2312 2129 unum

449 2163 652 2192 inserendum
676 2166 742 2192 est:
775 2166 811 2191 ut
832 2161 915 2191 hdnc
936 2163 994 2191 hoc
1015 2170 1111 2191 unum
1134 2160 1276 2191 triduum
1298 2160 1395 2190 solu'm
1416 2161 1519 2198 simus,
1551 2171 1623 2192 nam
1651 2163 1742 2192 deest
1772 2171 1830 2200 pes
1859 2163 2001 2202 integer)
2029 2162 2096 2191 Mil.
2124 2158 2156 2199 3,
2184 2158 2212 2200 l,
2240 2159 2311 2192 147.

448 2227 543 2255 Truc.
564 2222 596 2264 2,
620 2222 650 2263 3,
673 2222 724 2255 16.
746 2224 777 2263 4,
801 2223 832 2263 4,
855 2221 907 2254 21.
934 2229 965 2254 et
986 2226 1058 2254 Ter.
1072 2226 1174 2254 Andr.
1197 2221 1229 2262 2,
1251 2219 1284 2263 6,
1307 2221 1337 2254 9.
1380 2226 1461 2255 Eun.
1483 2222 1515 2264 2,
1540 2222 1570 2263 1,
1595 2223 1645 2255 17.
1669 2223 1719 2256 18.
1763 2227 1827 2256 Ad.
1850 2224 1882 2263 4,
1908 2223 1937 2263 1,
1960 2223 1988 2254 4.
2034 2225 2158 2254 Phorm.
2173 2221 2205 2262 3,
2227 2222 2259 2264 2,
2281 2224 2312 2255 4.

445 2287 477 2329 3,
493 2287 524 2328 3,
540 2286 571 2319 3.
601 2298 661 2319 nec
683 2290 807 2318 memini
829 2298 964 2325 usqunm
988 2289 1113 2327 corripi.
1157 2289 1278 2318 Eodem
1301 2292 1350 2318 est
1371 2290 1448 2319 ratio
1471 2290 1616 2319 similium
1638 2290 1865 2320 vocabulorum
1888 2287 2018 2319 biduum
2041 2289 2124 2326 apud
2147 2289 2217 2318 Ter.
2229 2289 2310 2319 Eun.

448 2350 479 2390 l,
501 2350 534 2389 2,
559 2349 632 2380 101.
657 2349 729 2380 102.
771 2349 803 2389 2,
825 2349 857 2389 2,
880 2349 932 2380 52.
975 2351 1006 2389 4,
1029 2349 1061 2389 2,
1084 2350 1114 2381 S.
1160 2351 1302 2386 tritavos,
1329 2353 1428 2381 Plaut.
1451 2354 1540 2382 Pers.
1565 2350 1594 2391 1,
1617 2350 1649 2391 2,
1673 2351 1703 2382 5.
1748 2352 1937 2390 trivenefica,
1961 2352 2038 2381 Aul.
2062 2349 2091 2389 1,
2113 2349 2146 2386 2,
2167 2349 2198 2382 8.
2241 2354 2312 2382 ubi-

449 2425 575 2452 cunque
599 2418 659 2445 iam
682 2416 853 2451 antiquitus
877 2417 1040 2452 productio
1062 2417 1179 2451 requiri
1201 2416 1386 2451 videbatur-3
1423 2425 1494 2445 nnm
1517 2416 1548 2446 in
1571 2416 1641 2445 aliis
1664 2416 1827 2454 permultis
1850 2425 1889 2446 es
1910 2415 2033 2452 syllaba
2056 2412 2099 2445 tri
2119 2415 2290 2454 corripitur.

385 2489 419 2525 ¹)
451 2491 502 2528 Ap
526 2495 686 2529 sescenta,
710 2487 779 2527 Ops
807 2488 960 2528 sesentin,
990 2491 1028 2520 L.
1051 2494 1083 2520 et
1106 2487 1156 2520 Pr.
1178 2493 1362 2519 sescentum
1389 2488 1475 2530 dies,
1504 2490 1561 2521 W.
1588 2488 1758 2526 suspirabit
1783 2489 1854 2526 ulu's
1875 2492 2038 2520 sexcentos
2059 2486 2092 2518 ιἰι
2113 2487 2191 2520 dies.
2229 2489 2310 2529 Quid

448 2563 559 2584 verum
583 2555 624 2583 sit
647 2548 776 2582 difficile
799 2556 849 2582 est
872 2553 1061 2593 diiudicstn3
1098 2554 1139 2584 de
1164 2553 1306 2589 synizesi
1328 2556 1429 2583 tamen
1452 2552 1644 2585 sescentiens
1666 2555 1783 2584 dubito.

382 2627 416 2664 ²)
449 2629 539 2668 vulg.
563 2633 594 2658 et
615 2627 702 2666 ima,
731 2626 814 2665 ΔΘρ
837 2627 974 2657 deciens.

380 2702 412 2739 ³)
447 2703 481 2733 in
504 2704 684 2733 addendum
706 2704 835 2733 videtur
857 2712 896 2732 ex
918 2702 979 2740 Ap.

382 2777 414 2813 ⁴)
449 2778 584 2807 Becker.
607 2778 639 2806 in
663 2777 793 2815 Qunest.
816 2786 847 2814 p.
861 2772 913 2806 12.
936 2777 1179 2806 contrahendum
1204 2779 1314 2805 censet
1336 2776 1463 2806 formam
1487 2777 1619 2814 perfecti
1643 2775 1793 2816 cessarit,-
1821 2777 1904 2813 quod
1928 2777 1987 2805 hoc
2010 2775 2133 2811 quidem
2157 2777 2224 2806 loco
2247 2785 2308 2806 non

446 2846 496 2871 est
518 2841 751 2879 necessarium,
775 2849 846 2870 nsm
870 2844 974 2877 potest
997 2841 1115 2877 primus
1139 2849 1196 2878 pes
1220 2849 1294 2870 esse
1316 2841 1484 2887 dactylus·

380 2914 412 2951 ⁵)
445 2917 534 2956 vulg.
557 2916 670 2950 edepol
692 2914 790 2946 illum.
