2567 3316
1143 175 1222 217 21

183 322 318 368 petant
341 319 549 366 mendacia,
575 316 719 372 Amph.
745 315 782 364 2,
810 315 846 363 1,
872 314 936 355 42.
960 316 989 367 ¹)
1040 316 1158 355 Satin'
1182 318 1321 355 e'adem·
1338 319 1378 354 in
1403 316 1573 366 vigilanti
1598 317 1801 366 expet-ant?
1826 313 1908 354 Mil.
1935 315 1974 363 2,
1999 315 2038 360 4,
2064 315 2128 354 40.
2145 317 2179 366 ²)

186 394 294 430 nisus
314 391 419 431 laeva
445 394 485 432 in
507 393 649 443 fe'mine
672 389 782 427 habet
810 389 953 427 laevam
978 403 1141 433 martum,
1175 388 1257 428 Mil.
1284 389 1321 439 2,
1347 389 1386 438 2,
1411 388 1475 428 48.
1495 389 1528 438 ³)
1579 390 1777 439 Appo'nam
1803 389 1925 427 hercle
1949 403 2080 428 urnam
2105 391 2180 428 idm

188 458 256 515 eJqo
281 466 379 504 hanc
403 468 443 503 in
463 465 593 502 'media
618 466 698 511 via,
732 462 832 501 Rud.
859 462 897 510 2,
924 462 962 509 5,
990 463 1051 502 14.
1104 463 1156 501 Et
1183 477 1231 501 ne
1256 468 1294 501 in
1319 465 1532 513 suspicione
1551 464 1716 513 ponatur
1741 464 1877 512 stupri,
1909 462 2050 517 Amph.
2080 462 2116 512 1,
2141 462 2180 511 2,

185 537 249 578 27.
301 541 367 589 qui
392 541 431 576 in
456 540 567 575 tantis
588 539 734 587 po'situs
758 540 1059 583 stan-sententiis,
1091 537 1167 591 Ep.
1193 536 1230 586 3,
1256 537 1293 586 4,
1319 536 1384 576 80.
1437 537 1520 588 Eyo
1545 539 1652 575 istum
1679 534 1889 588 (animum)
1917 539 1954 574 in
1980 535 2178 589 tranquillo

186 616 224 649 et
246 613 322 650 tuto
347 612 484 657 sistam,
509 611 558 647 ne
583 612 678 654 time,
713 608 831 647 Mero.
854 608 891 653 5,
910 608 946 657 2,
963 608 1026 648 50.
1083 610 1235 654 Quaene
1260 609 1403 658 (navis)
1430 610 1609 648 subducta
1636 615 1717 647 erat
1741 614 1818 647 tuto
1845 611 1885 646 in
1910 611 2035 647 terra?
2061 609 2176 648 Most.

185 682 224 728 3,
250 683 288 731 2,
314 682 377 722 50.

1141 873 1237 925 Π.

292 998 326 1037 1.
382 998 426 1036 In
449 997 691 1053 praepositio
720 1011 808 1037 cum
836 998 1050 1037 accusativo
1084 997 1215 1037 iuncta
1248 1005 1400 1037 motum
1433 998 1597 1046 indicat,
1632 998 1685 1036 ita
1711 1004 1754 1035 ut
1780 996 1926 1049 aliquid
1951 998 2054 1037 intra
2080 997 2176 1037 fines

185 1069 346 1111 alicuius
372 1057 447 1121 rei,
474 1071 551 1110 sive
578 1069 633 1110 illi
661 1068 865 1126 planitiem
892 1070 1089 1124 quandam
1106 1072 1182 1109 sive
1200 1070 1367 1110 solidum
1386 1085 1528 1126 corpus
1546 1070 1769 1119 includunt,
1795 1071 2015 1125 recipiatur.
2059 1071 2177 1110 Non-

185 1157 386 1197 nunquam
413 1150 566 1182 tantum
590 1144 699 1200 regio
726 1144 936 1191 indicatur,
964 1158 1042 1195 qua
1064 1143 1212 1196 aliquid
1237 1152 1415 1183 movetur
1441 1146 1492 1183 ad
1520 1144 1684 1183 alteram
1709 1159 1791 1182 rem
1820 1152 1887 1183 aut
1913 1152 2049 1183 contra
2076 1159 2175 1192 eam,

186 1224 224 1256 et
250 1216 434 1256 facillime
462 1218 493 1256 is
520 1225 648 1257 motus
675 1218 726 1257 ad
752 1233 813 1257 res
840 1219 1026 1273 cogitatas
1052 1216 1295 1265 transfertun
1322 1218 1414 1258 hinc
1433 1216 1634 1273 multiplex
1663 1225 1720 1258 est
1745 1232 1833 1257 usus
1861 1216 1974 1257 huius
2000 1232 2175 1273 praepo-

185 1290 353 1330 sitionis:
536 1326 539 1329 ,

289 1364 372 1415 qu
399 1366 438 1402 in
464 1365 594 1402 aedem
629 1365 777 1402 Veneris
804 1378 864 1412 eo,
910 1364 1026 1402 Poen.
1057 1364 1090 1412 1,
1120 1364 1154 1413 1,
1180 1363 1244 1403 62.
1297 1367 1336 1402 in
1373 1366 1501 1402 aedem
1536 1365 1578 1403 V.
1612 1368 1694 1414 (me
1729 1364 1838 1419 ago).
1872 1364 1923 1402 ib.
1960 1364 2058 1430 l,·2,
2087 1364 2173 1403 120.

172 1439 238 1477 ‘ad
255 1439 459 1488 prandium
491 1461 529 1466 —
562 1439 602 1475 in
628 1439 756 1476 aedem
782 1460 833 1467 —
860 1440 1006 1485 ducere,
1034 1437 1085 1477 ib.
1103 1436 1141 1485 3,
1170 1438 1204 1486 1,
1230 1437 1293 1476 26.
1346 1439 1381 1476 si
1404 1441 1444 1476 in
1470 1439 1602 1477 ae'dem
1627 1439 1682 1477 ad
1705 1451 1855 1476 coenam
1880 1439 2035 1482 ve'neris,
2062 1437 2174 1477 Trin.

182 1512 220 1558 2,
247 1511 284 1559 4,
309 1510 373 1549 67.
428 1524 495 1548 cur
520 1524 594 1549 non
620 1514 759 1549 introeo
785 1513 824 1548 in
850 1512 1011 1549 nostra'm
1037 1513 1210 1549 domum?
1243 1509 1384 1565 Amph.
1413 1511 1447 1559 1,
1478 1510 1512 1560 l,
1538 1510 1628 1550 253.
1685 1511 1785 1555 Quin
1817 1513 1969 1549 introire
2002 1513 2041 1549 in
2068 1513 2175 1550 ae'dis

183 1597 368 1635 nunquam
394 1583 534 1621 licitum
560 1588 624 1629 est,
650 1582 702 1622 ib.
720 1584 758 1631 2,
788 1584 822 1631 l,
851 1584 913 1622 70.
967 1576 1117 1622 introire
1142 1586 1181 1621 in
1207 1584 1365 1622 aliena'm
1390 1586 1548 1632 domum,
1574 1581 1657 1621 Mil.
1676 1583 1713 1631 4,
1733 1583 1769 1631 4,
1797 1583 1860 1622 32.
1914 1597 1983 1622 nec
2008 1589 2089 1622 veto
2116 1585 2173 1621 In-

183 1659 295 1695 troire
321 1659 360 1694 in
387 1658 503 1700 aedis,
529 1655 648 1694 Truc.
666 1655 703 1704 2,
721 1654 757 1704 8,
777 1655 837 1695 12.
890 1657 1156 1706 Introrumpam
1181 1662 1283 1695 recta
1308 1660 1348 1695 in
1373 1658 1490 1704 aedis,
1516 1655 1598 1695 Mil.
1617 1656 1653 1705 2,
1671 1656 1708 1705 5,
1725 1657 1789 1695 50.
1834 1659 1961 1695 intror.
1989 1659 2029 1695 in
2055 1659 2172 1701 aedis,

183 1728 324 1784 Amph.
350 1728 388 1778 4,
414 1728 452 1777 3,
482 1728 543 1767 14.
561 1728 595 1778 ⁴)
651 1728 752 1766 Cave
777 1731 995 1781 quemquam
1021 1729 1180 1767 alienum
1205 1732 1245 1767 in
1270 1731 1378 1768 ae'dis
1403 1732 1652 1773 intromiseris,
1679 1727 1766 1768 Aul.
1787 1729 1822 1777 l,
1840 1729 1877 1778 2,
1897 1729 1959 1769 12.
2002 1732 2041 1767 in
2067 1732 2173 1769 aedis

182 1826 236 1833 --
260 1805 436 1842 neminem
471 1802 563 1842 Volo
590 1804 797 1849 intromitti,
830 1801 882 1840 ib.
909 1802 973 1841 20.
1031 1802 1106 1846 Qui
1135 1805 1186 1840 mi
1211 1805 1404 1840 z'ntromisti
1428 1805 1467 1840 in
1493 1804 1602 1841 ae'dis
1627 1804 1843 1854 quinyento's
1869 1816 2024 1853 coquos,
2056 1801 2107 1840 ih.
2134 1801 2171 1848 3,

181 1876 220 1924 6,
249 1876 310 1915 17.
331 1877 363 1927 ⁶)
415 1879 497 1915 Se'd
520 1877 605 1915 nolo
631 1878 682 1914 mi
707 1876 957 1914 obla'tatricem
983 1879 1022 1914 in
1048 1878 1156 1915 ae'dis
1181 1879 1433 1920 intromittere,
1466 1874 1549 1914 Mil.
1576 1874 1614 1924 3,
1641 1875 1676 1924 1,
1701 1874 1765 1914 87.
1820 1875 1986 1914 Amicam
2012 1871 2176 1915 adduxit

182 1953 278 1988 intro
303 1953 343 1988 in
369 1952 485 1995 aedis,
518 1950 637 1988 Mero.
664 1949 703 1996 4,
729 1949 766 1996 5,
794 1950 854 1988 ll.
902 1953 1061 2000 pe'ryam
1087 1953 1127 1988 in
1152 1952 1259 1989 aedis
1283 1953 1381 1989 minc
1403 1956 1495 1995 iam,
1528 1948 1671 2004 Amph.
1699 1949 1735 1997 4,
1762 1948 1799 1996 3,
1830 1948 1889 1989 18.
1912 1948 1944 1998 ⁶)
2001 1950 2084 1994 Quo
2110 1955 2175 1989 aut

183 2026 278 2076 qua's
303 2026 342 2062 in
369 2025 474 2063 aedis
499 2024 594 2062 ltae'c
614 2023 776 2074 puellam
802 2024 966 2074 deferat,
1002 2022 1092 2062 Cist.
1122 2022 1157 2070 l,
1184 2022 1220 2072 3,
1247 2023 1310 2062 21.
1363 2024 1439 2062 Hie
1460 2026 1660 2075 postquam
1686 2025 1725 2060 in
1751 2024 1856 2061 aedis
1882 2036 1939 2061 me
1964 2024 2020 2062 dd
2042 2037 2084 2062 se
2109 2025 2171 2063 de-

184 2099 298 2136 duxit
320 2099 479 2144 domum,
506 2095 588 2135 Mil.
607 2096 644 2145 2,
672 2096 706 2145 1,
732 2095 795 2134 43.
817 2096 850 2145 ⁷)
903 2099 942 2133 in
967 2098 1074 2134 aedis
1099 2110 1156 2134 me
1183 2098 1238 2134 a'd
1261 2101 1296 2134 te
1321 2098 1522 2135 adduxisti
1542 2102 1634 2143 tuas,
1663 2095 1763 2134 Rud.
1781 2096 1818 2141 2,
1835 2095 1873 2143 6,
1893 2095 1954 2136 13.
1974 2095 2023 2135 cf.
2038 2097 2090 2136 ib.
2111 2097 2169 2136 17.

182 2172 268 2208 na'm
301 2170 401 2208 nullo
433 2171 549 2219 pacto'
574 2175 699 2220 potest
731 2170 842 2207 Prius
875 2170 971 2208 hae'c
1003 2172 1042 2207 in
1075 2172 1180 2208 aedis
1211 2171 1349 2220 re'cipi,
1382 2167 1466 2207 Mil.
1492 2168 1531 2216 4,
1558 2169 1595 2216 3,
1621 2169 1660 2208 3.
1713 2170 1893 2221 Mea'sque
1922 2173 1961 2208 in
1987 2172 2092 2209 aedis
2116 2175 2170 2208 sie

183 2249 304 2283 scorta
330 2245 566 2282 obduetdrier
593 2246 690 2293 (non
717 2242 879 2297 patiar),
913 2242 1032 2282 Mero.
1059 2242 1095 2293 4,
1122 2242 1159 2293 4,
1184 2241 1247 2283 46.
1302 2244 1392 2295 quia
1423 2245 1582 2282 scortum
1615 2243 1685 2282 sibi
1721 2242 1790 2282 ob
1816 2244 1941 2283 oeulos
1967 2245 2170 2283 adduxerit

247 2381 279 2417 ι)
313 2383 365 2411 alii
388 2386 507 2418 ternum
528 2384 707 2411 voluerunt.

244 2443 279 2481 ²)
313 2446 402 2485 vulg.
425 2443 605 2485 υἰρίιηηὶεε,
637 2446 677 2476 cf.
699 2445 831 2476 Bitschl.

244 2507 278 2545 ³)
310 2510 401 2548 vulg.
423 2510 522 2539 laeva.

242 2573 278 2610 ⁴)
311 2575 400 2613 vulg.
424 2583 493 2602 cum
516 2575 607 2603 codd.
631 2578 662 2603 et
683 2575 756 2603 edd.
778 2578 855 2603 velt.
877 2572 1019 2603 aedibus.

245 2635 278 2674 ⁵)
311 2638 400 2678 vulg.
422 2635 469 2667 mi
488 2638 594 2677 ὠθεῖ,
628 2637 696 2668 sed.
719 2638 814 2667 habet
840 2638 893 2668 Pr.
915 2637 1007 2673 Pnr.3
1041 2636 1212 2668 intromisei
1238 2638 1363 2668 exhibet
1389 2637 1457 2666 1²⁸1.
1479 2634 1510 2665 2.
1539 2644 1594 2673 pro
1623 2635 1710 2674 vulg.
1739 2633 1955 2675 intromisisti,-
1988 2639 2053 2665 tum
2085 2636 2166 2665 falso

310 2709 420 2731 omnes
441 2699 583 2731 aedibus.
1864 2691 1875 2696 “

247 2761 279 2799 ⁶)
314 2765 402 2805 vulg.
425 2772 495 2794 cum
518 2764 609 2794 codd.
632 2767 664 2794 et
685 2764 757 2794 edd.
779 2767 856 2794 vett.
878 2763 1020 2795 aedibus.

245 2825 279 2863 ⁷)
310 2828 399 2868 vulg.
422 2826 516 2858 duxit
536 2828 596 2857 lam
619 2835 638 2856 ι
658 2831 736 2858 vett.
759 2828 968 2858 emendatum.
