2567 3316
1184 141 1259 186 11

229 285 344 329 Quo'd
367 298 436 337 eqo
462 287 501 323 in
525 298 555 324 s.
582 286 773 331 sdnmiavi,
800 282 900 323 Rud.
918 282 957 330 3,
982 282 1021 331 4,
1046 282 1110 324 68.
1163 286 1203 322 in
1228 298 1257 324 s.
1286 287 1385 324 visus
1410 297 1490 324 sum
1514 286 1687 329 viderier,
1716 284 1830 323 Cure.
1853 284 1891 331 2,
1917 283 1956 332 2,
1984 283 2046 323 10.
2068 285 2096 334 ¹)
2148 285 2219 322 Ma·-

225 363 349 410 rn'sque
382 360 561 410 exemplis
586 360 729 397 so'mm‘a
761 360 801 395 t'n
825 372 855 396 s.
883 359 1026 396 danunt
1050 357 1139 409 (di),
1173 357 1293 416 Merc.
1320 358 1359 406 2,
1388 358 1425 405 l,
1449 358 1488 396 2.
1542 358 1642 397 Rud.
1670 356 1709 404 3,
1739 358 1774 405 1,
1801 357 1839 396 2.
1896 360 2009 402 Quod
2032 361 2073 396 in
2100 360 2220 409 quide

226 433 292 471 tibi
312 437 564 484 poroenwmst,
592 431 705 469 Cure.
732 430 770 478 2,
796 430 835 477 2,
861 430 924 469 22.
978 432 1144 470 Pam'tae
1169 433 1329 471 incidiae
1354 434 1447 477 sa'mt,
1473 433 1514 469 in
1539 437 1635 470 statu
1660 434 1738 470 sta't
1760 444 1884 475 senex,
1918 429 1999 470 Mil.
2027 431 2064 476 4,
2091 430 2129 479 9,
2158 431 2219 470 12.

226 510 265 543 in
290 507 445 544 stultitia
470 509 508 543 εί
529 505 683 555 deliqui,
710 503 851 542 Bacch.
868 503 906 551 4,
923 502 962 549 9,
978 503 1042 542 91.
1095 509 1173 543 eius
1198 505 1293 543 haec
1318 509 1357 543 in
1384 505 1494 543 tutela
1520 511 1575 543 est
1595 505 1739 555 fribula,
1767 504 1887 543 Truc.
1907 504 1944 551 5,
1962 504 2023 543 75.
2076 505 2221 543 Eadem

225 581 265 617 iu
290 592 358 617 usu
385 601 436 607 —
462 582 563 621 sunt,
596 575 734 615 Bacch.
772 577 805 625 1,
835 577 870 624 l,
897 576 960 615 29.
1014 592 1081 628 eqo
1107 591 1186 616 sum
1213 580 1253 615 in
1278 592 1348 616 usu
1374 578 1513 616 Fa'ctm
1538 580 1650 616 nimio
1676 580 1852 629 ne'quior,
1887 577 2000 617 Most.
2030 579 2063 625 1,
2089 578 2127 624 2,
2154 576 2218 617 65.

225 654 323 691 laune
348 648 555 702 (vidulum)
584 653 648 702 qui
674 653 760 701 ce'pi
786 652 825 688 in
851 654 984 690 venata
1010 665 1106 696 meo,
1141 649 1242 691 Rud.
1269 650 1306 699 4,
1332 650 1369 696 3,
1396 649 1465 690 31..

328 723 414 763 Nec
438 723 577 763 desunt
604 721 780 779 exempla
808 724 984 779 gerundii
1014 731 1053 764 et
1079 724 1295 780 participii,
1327 738 1408 777 quo
1444 724 1637 764 indicatur
1669 724 1753 764 fieri
1787 723 1955 778 aliquid,
1989 724 2082 763 dum
2113 723 2217 763 aliud

226 797 373 852 agitur:

336 871 385 909 Vt
408 874 580 922 cuiquam
605 871 768 921 linquam
795 873 835 908 in
868 873 1054 910 &finiendo
1075 874 1259 922 pro'serat,
1288 871 1391 909 Asin.
1410 870 1447 919 4,
1467 870 1502 918 1,
1519 870 1583 909 50.
1627 873 1665 908 in
1694 874 1880 910 sortiendo
1906 885 1987 910 sors
2013 871 2219 916 delio—uerit,
2282 891 2286 895 -

225 944 311 984 Cas.
337 943 375 991 3,
401 943 438 994 6,
464 943 529 984 47.
582 950 700 983 metuo
726 947 778 982 mi
804 948 842 983 in
868 947 1046 984 monendo
1071 948 1121 983 πό
1145 947 1278 997 desunt
1301 947 1434 992 ora'ta’o,
1460 943 1602 986 Bacch.
1623 943 1658 992 l,
1686 944 1721 989 l,
1748 943 1785 983 3.
1838 946 1917 984 Se'd
1941 946 2037 997 quid
2061 958 2130 996 eqo
2156 944 2220 982 Iu‘c

223 1021 263 1057 in
294 1018 528 1057 lamentando
549 1020 695 1069 pe'reo?
729 1018 849 1057 Mero.
879 1019 913 1066 l,
940 1019 976 1067 2,
1004 1018 1091 1057 105.
1148 1020 1270 1057 lee'tis
1303 1032 1448 1070 quoque
1482 1020 1591 1056 etiam
1625 1021 1664 1055 in
1698 1019 1931 1057 lamentando
1963 1019 2096 1057 le'ssum
2123 1021 2222 1069 fecit

220 1093 318 1142 filio,
345 1091 465 1130 True.
483 1091 521 1140 4,
546 1092 582 1140 2,
611 1091 672 1131 18.
689 1092 724 1142 ²)
778 1092 932 1129 Multum
959 1096 997 1129 in
1024 1094 1223 1142 eoyita'ndo
1249 1093 1413 1130 dolo'rem
1440 1094 1657 1142 indipz'scon
1685 1091 1797 1130 Trin.
1822 1092 1859 1140 2,
1879 1092 1912 1140 l,
1933 1092 1967 1130 1.
2019 1094 2065 1131 Si
2088 1095 2128 1130 in
2155 1092 2217 1130 ὁὸ·

223 1167 378 1204 serendo
401 1167 549 1215 po'ssint
573 1149 754 1216 interfieri
780 1168 925 1217 (mores
952 1163 1074 1216 mali),
1101 1164 1153 1204 ib.
1180 1164 1217 1214 2,
1243 1164 1281 1213 4,
1308 1164 1396 1204 131.
1458 1166 1507 1204 Vt
1529 1168 1595 1204 vo's
1621 1168 1660 1203 in
1686 1167 1817 1204 vostris
1842 1165 1949 1204 vo'ltis
1974 1167 2218 1204 mercimdniis

224 1238 406 1279 Emtimlis
432 1240 710 1291 vendundisque
735 1252 792 1278 me
817 1239 952 1278 laeuam
968 1238 1081 1278 lucris
1099 1238 1266 1291 Afflcere,
1294 1237 1436 1294 Amph.
1455 1237 1556 1293 prol.
1578 1238 1598 1278 l
1619 1254 1704 1292 sqq.
1758 1241 1797 1277 in
1823 1241 2023 1290 coyita'ndo
2050 1252 2216 1278 moerore

224 1315 379 1364 atiqeor,
415 1311 536 1351 Stich.
565 1313 600 1358 l,
630 1313 663 1361 1,
689 1312 754 1351 54.

326 1458 364 1498 8.
415 1458 592 1513 Iungitur
620 1461 659 1496 in
693 1473 782 1497 cum
817 1459 1060 1508 notionibus,
1095 1472 1195 1510 quae
1229 1457 1378 1510 aliquid
1411 1459 1751 1513 comprehendunt
1784 1467 1823 1498 et
1856 1460 2075 1507 continent,
2117 1473 2216 1511 quae

224 1531 396 1584 aliquam
423 1530 613 1581 indolem,
640 1530 881 1582 facultatem,
908 1539 1140 1587 potestatem
1166 1530 1332 1589 hahent,
1359 1531 1399 1570 in
1428 1531 1568 1584 quihus
1596 1529 1743 1584 aliquid
1770 1532 1865 1571 boni
1893 1539 1959 1571 aut
1986 1531 2078 1571 mali
2105 1532 2216 1588 posi-

222 1612 306 1643 tum
333 1612 407 1653 est,
439 1604 488 1644 ad
517 1618 613 1657 quas
640 1603 771 1657 aliqua
797 1605 898 1645 actio
926 1612 993 1644 aut
1020 1605 1196 1645 conditio
1221 1605 1407 1660 pertinet:

327 1681 443 1718 virttis
469 1682 592 1718 omnia
619 1684 657 1717 in
683 1693 761 1718 sese
786 1681 905 1724 habe't,
934 1679 1076 1734 Amph.
1094 1680 1130 1728 2,
1156 1680 1195 1729 2,
1218 1679 1282 1718 21.
1336 1682 1504 1718 inimico}
1530 1682 1570 1717 in
1595 1693 1673 1717 sese
1699 1683 1823 1717 omne's
1848 1680 1992 1729 habent,
2018 1679 2157 1719 Bacch.
2176 1679 2213 1726 3,

222 1752 260 1802 6,
287 1751 348 1793 18.
402 1757 441 1792 in
467 1767 567 1805 aqua
592 1766 780 1806 nunquam
807 1755 957 1792 cre'dt'di
990 1754 1220 1805 Volupta'lem
1249 1755 1365 1792 inesse
1390 1755 1548 1798 tdntam,
1581 1752 1684 1792 Rud.
1710 1752 1747 1801 2,
1773 1753 1811 1800 5,
1839 1753 1861 1792 1
1890 1768 1946 1805 sq.
2001 1755 2106 1792 Haec
2131 1755 2217 1793 saint

222 1851 275 1858 —
301 1829 341 1865 in
366 1830 509 1878 nmquis
540 1828 688 1866 do'tibus
720 1827 1058 1874 Incdaenmoda'tatoe,
1093 1825 1178 1866 Aul.
1205 1826 1243 1874 3,
1269 1827 1307 1876 5,
1331 1826 1395 1867 58.
1449 1828 1579 1878 quibus
1605 1833 1660 1866 est
1685 1841 1729 1865 ea
1754 1841 1813 1866 res
1839 1831 1876 1866 in
1903 1841 2035 1875 manu,
2070 1827 2214 1882 Amph.

221 1899 323 1955 prol.
350 1899 414 1941 80.
470 1900 584 1940 I'stuc
609 1902 677 1939 tibi
703 1904 760 1939 e'st
783 1903 822 1938 in
849 1903 971 1946 πιαηά,
1000 1900 1051 1940 ib.
1078 1902 1115 1949 2,
1144 1901 1180 1948 1,
1209 1900 1271 1939 14.
1320 1902 1388 1938 'cm’
1408 1901 1495 1952 plus
1522 1905 1560 1938 in
1586 1915 1632 1938 m.
1659 1903 1709 1939 sit
1731 1903 1843 1953 qudm
1869 1901 1954 1946 tt‘bi,=
1982 1900 2086 1939 Asin.
2114 1901 2150 1944 1,
2178 1901 2215 1947 1,

222 1972 284 2011 73.
338 1975 401 2011 cui
425 1975 499 2024 ipsi
524 1973 618 2010 nihil
640 1978 695 2011 esc
719 1977 756 2010 z'n
783 1986 848 2017 m.,
883 1973 933 2010 ib.
960 1972 1023 2011 81.
1078 1987 1151 2025 quo
1178 1976 1338 2020 eveniat,
1371 1954 1431 2011 dis
1458 1976 1497 2010 in
1523 1987 1569 2010 m.
1597 1979 1667 2020 est,
1704 1973 1842 2011 Bacch.
1872 1975 1906 2022 1,
1933 1975 1969 2021 2,
1997 1974 2059 2012 36.
2114 1977 2217 2025 quod

222 2047 312 2083 milti
338 2048 377 2083 in
402 2060 447 2082 m.
474 2052 545 2092 est,
579 2046 693 2083 Most.
724 2046 758 2092 l,
786 2046 821 2094 4,
850 2046 910 2083 15.
964 2060 1056 2095 ayas
1090 2048 1193 2096 quod
1224 2049 1263 2083 in
1295 2061 1340 2084 m.
1373 2052 1442 2094 est,
1476 2046 1528 2084 ib.
1554 2046 1592 2094 3,
1620 2047 1655 2093 l,
1681 2047 1745 2085 66.
1799 2048 1855 2084 illa·
1891 2050 1998 2085 sua'm
2028 2062 2104 2085 rem
2139 2062 2215 2085 esse

222 2133 376 2171 aequom
402 2125 457 2157 est
481 2124 519 2156 in
545 2134 603 2163 m.,
631 2119 750 2157 Merc.
777 2119 814 2166 2,
840 2118 877 2164 3,
909 2119 994 2157 117.
1052 2119 1150 2161 Quin
1174 2120 1243 2164 tibi
1269 2122 1307 2156 in
1334 2133 1380 2157 m.
1409 2123 1465 2157 e'st
1489 2122 1594 2170 quod
1618 2122 1762 2164 medas,
1796 2124 1866 2170 e'yo
1894 2123 1997 2172 quod
2021 2123 2145 2159 dicam
2171 2123 2216 2159 id

221 2194 272 2231 mi
298 2197 336 2231 in
362 2206 408 2231 m.
436 2197 498 2237 est,
528 2192 579 2231 ib.
597 2191 633 2240 3,
651 2192 687 2240 4,
705 2191 768 2231 43.
793 2192 825 2243 ³)
877 2193 1072 2243 Siquide'm
1098 2192 1223 2230 licebit
1242 2195 1316 2242 per
1341 2192 1423 2230 illos
1450 2192 1597 2242 (dicere
1624 2206 1771 2231 nomen
1799 2193 2054 2243 comoediae),
2082 2195 2210 2245 quibus

222 2271 276 2305 est
300 2270 340 2305 in
365 2281 423 2315 m.,
449 2261 566 2305 Pden.
595 2263 693 2321 prol.
720 2265 786 2305 52.
813 2265 904 2325 ,pol
928 2268 1023 2304 istuc
1048 2266 1114 2303 tibi
1141 2270 1177 2303 et
1201 2278 1263 2303 ero
1289 2270 1351 2304 tuo
1379 2271 1433 2304 est
1456 2268 1495 2303 in
1521 2281 1580 2314 m.,
1610 2266 1662 2305 ib.
1681 2266 1718 2314 4,
1745 2267 1783 2314 2,
1806 2267 1870 2306 90.
1923 2272 1960 2305 in
1985 2281 2029 2305 m.
2056 2281 2129 2305 non
2156 2270 2212 2305 e'st

221 2353 312 2384 mea,
343 2339 441 2378 Rud.
468 2339 505 2387 4,
533 2339 569 2388 3,
596 2339 657 2378 44.
711 2339 780 2377 Est
806 2341 917 2390 a'tque
942 2352 1015 2377 mm
1042 2343 1096 2377 est
1119 2341 1168 2376 mi
1195 2342 1233 2376 in
1258 2352 1305 2376 m.
1333 2338 1445 2377 Triu.
1467 2339 1501 2387 l,
1528 2340 1563 2388 2,
1590 2339 1654 2379 67.
1709 2344 1755 2378 e'a
1781 2343 1819 2378 in
1841 2346 2019 2390 potestate
2046 2343 2101 2377 e'st
2126 2343 2207 2384 viri,

221 2411 306 2453 Aul.
333 2413 371 2459 3,
397 2414 434 2459 5,
461 2413 526 2453 60.
580 2428 674 2466 quae
700 2418 738 2452 in
759 2427 800 2465 p.
828 2414 1039 2458 habuimus,
1073 2412 1183 2467 Capt.
1214 2412 1249 2457 1,
1275 2413 1311 2462 2,
1338 2413 1401 2452 40.
1459 2414 1650 2466 Quomque
1674 2416 1771 2454 hcine
1796 2428 1863 2465 eqo
1889 2416 2077 2464 conspicio
2104 2416 2143 2453 in
2164 2428 2206 2466 p.

285 2604 317 2642 ¹)
354 2607 465 2637 Lamb.
509 2605 635 2637 merier.

225 2702 228 2706 Α
280 2669 315 2705 ⁹)
348 2671 429 2700 Mes.
451 2671 543 2700 Parei
566 2674 599 2699 et
619 2669 667 2701 8⁸
690 2670 723 2701 in
745 2673 900 2710 omittunt,
924 2675 988 2701 tum
1011 2673 1133 2700 lausum
1155 2679 1210 2708 pro
1232 2672 1364 2710 lessum3
1388 2671 1460 2699 hinc
1477 2672 1567 2700 Both.
1591 2675 1622 2699 et
1638 2670 1739 2700 Goon.
1761 2679 1904 2709 pausam,
1927 2672 2045 2701 omisso
2068 2673 2140 2702 item
2164 2671 2207 2702 in.

283 2732 314 2770 ³)
347 2732 407 2775 8⁸,
429 2735 467 2765 1..
488 2735 541 2765 Pr.
563 2735 634 2765 Par.
660 2734 757 2776 Quia,
786 2733 834 2766 os
858 2744 912 2772 eqo
941 2744 1011 2775 quo,
1034 2736 1123 2775 vulg.
1145 2733 1225 2764 mim·
1243 2743 1312 2764 mea
1334 2733 1377 2771 in,
1400 2732 1458 2774 os,
1481 2735 1518 2764 1..
1540 2734 1592 2764 En
1614 2743 1670 2772 pro
1692 2743 1772 2764 rnen.
1795 2736 1865 2774 „lta
1888 2737 1940 2771 (nt
1961 2736 2051 2776 vulg.
2075 2741 2207 2774 excepto

350 2798 448 2836 Quin)
471 2800 559 2828 locus
582 2800 632 2828 hic
656 2801 770 2840 legitur
793 2809 830 2830 ex
855 2800 934 2829 Mss.
956 2801 1035 2830 Pau.
1058 2800 1123 2829 Alii
1147 2798 1262 2838 θῆκέ(
1304 2799 1401 2828 PAR.

1709 2859 1735 2899 3
