2567 3316
1288 181 1368 225 14

432 328 473 365 in
498 327 663 365 absa-uso
689 327 761 364 ,υἱέα
787 330 843 364 est
866 327 1029 375 (merx),
1063 325 1181 365 Poen.
1211 325 1246 374 l,
1271 324 1308 373 2,
1336 323 1423 364 129.
1477 325 1522 362 In
1546 325 1718 383 dmbiquc
1745 330 1800 364 est
1823 327 2049 371 suamc,
2082 326 2197 366 Trin.
2221 326 2258 377 2,
2285 327 2323 378 4,

329 398 418 439 193.
470 400 547 437 Res
574 401 692 437 όηηιίε
718 401 758 436 in
784 400 923 436 incerto'
948 400 1021 436 sita
1047 405 1113 446 cst,
1139 398 1251 453 Capt.
1275 396 1312 446 3,
1335 397 1373 442 4,
1397 397 1435 435 4.
1488 398 1579 435 milti
1604 400 1643 436 ἰπ
1668 399 1806 436 mad
1830 405 1917 438 sumt
1939 401 2078 450 civ-yae,
2104 400 2211 439 Asin.
2228 400 2266 444 2,
2280 400 2323 448 v1,

330 470 392 511 16.
434 473 514 510 e'sse
539 471 610 510 siba·
636 473 676 509 in
701 484 749 510 m.
777 471 920 514 malum,
948 469 1000 508 ib.
1027 470 1066 518 2,
1092 470 1131 519 2,
1157 470 1271 523 5⁰.¹)
1323 472 1412 522 quoi
1436 471 1541 521 quid
1564 475 1661 509 amet
1685 472 1724 509 in
1749 484 1796 510 m.
1822 473 1902 517 siet,
1930 470 2182 519 Cas.3,3,3.
2234 475 2324 524 quot·

328 545 477 583 libertas
502 546 542 581 in
567 557 614 582 m.
642 544 767 589 sita'st,
794 543 869 599 Ep.
896 543 932 591 5,
962 542 997 590 l,
1027 543 1089 582 12.
1144 545 1348 583 Pisto-inum
1373 545 1413 582 in
1438 557 1485 581 m.
1511 544 1667 592 sctbam,
1700 545 1735 582 si
1760 545 1804 583 id
1824 547 1976 597 suem,
2008 545 2109 585 milti.
2160 545 2199 584 S.
2233 545 2322 585 Non

329 621 353 657 α’
385 633 442 656 me
474 620 597 657 scibas
626 620 823 669 pistrinum
858 620 897 655 in
923 632 969 656 m.
997 619 1088 656 tibi?
1126 618 1265 659 Pseud.
1295 619 1331 665 l,
1356 619 1395 665 5,
1419 617 1472 657 84
1498 632 1556 669 sq.
1609 620 1652 657 id
1683 619 1833 669 quidem
1864 620 1968 671 (vae)
2000 622 2040 658 in
2072 634 2118 658 m.
2152 622 2208 658 est
2237 624 2322 657 &aaa

329 692 495 742 (aetati),
530 692 648 733 Poen.
676 691 714 739 3,
739 691 779 739 5,
805 690 869 732 38.
922 692 1067 742 Nempe
1092 693 1212 732 lta'beo
1245 695 1285 731 in
1321 707 1367 731 m.
1400 691 1659 747 (argentum),
1699 691 1802 730 Pers.
1831 691 1867 739 1,
1896 692 1932 741 l,
1958 692 2022 733 46.
2074 697 2197 733 nescio
2229 694 2324 745 quid

328 780 416 805 vero
442 767 561 805 luibco
588 769 626 803 in
651 780 709 810 m.‚
738 764 859 805 Stich.
888 764 925 812 3,
952 765 990 814 2,
1016 764 1080 805 23.
1136 767 1308 805 cdclelcae
1333 769 1372 804 in
1398 765 1540 805 occulto'
1565 765 1688 809 laten,
1716 764 1829 820 Capt.
1854 765 1892 812 l,
1919 766 1956 814 1,
1983 767 2046 806 12.
2093 769 2254 818 parasiti
2268 788 2322 797 —

328 840 443 879 latent
466 840 510 877 In
535 840 690 884 occulto,
718 838 770 878 ib.
800 839 862 879 15.
924 841 970 878 Vt
995 842 1110 890 sae'pe
1135 854 1275 878 summa
1300 842 1451 891 inqenia
1476 841 1516 878 in
1541 852 1621 879 occ.
1648 839 1770 883 lutat,
1797 838 1849 878 ib.
1871 839 1906 886 1,
1922 839 1960 888 2,
1976 839 2040 880 62.
2094 842 2154 880 I'n
2180 841 2322 880 5⁶0·qu

328 914 483 961 iacdbis,
510 926 593 951 cum
620 918 654 951 te
680 915 854 952 ma'xume
880 914 1019 952 clanim
1044 913 1154 962 voles,
1181 912 1219 951 T
1220 913 1293 952 rin.
1311 913 1349 961 3,
1376 913 1414 961 2,
1440 911 1504 952 38.
1556 912 1625 951 Nil
1648 926 1718 963 09⁰
1744 915 1783 951 in
1809 926 1888 952 occ.
1917 915 2030 964 «igere
2055 915 2164 961 soleo,
2191 914 2243 953 ib.
2257 913 2320 954 86.

332 988 419 1026 Tam
444 987 517 1026 lao'c
542 988 691 1038 quidem
718 988 786 1026 tibi
812 991 851 1025 in
873 987 1033 1037 procliva·
1060 987 1103 1037 (i.
1131 1001 1164 1025 e.
1193 985 1307 1025 facile
1334 987 1426 1037 est),
1458 1000 1569 1037 quam
1603 987 1715 1024 imber
1741 991 1796 1024 est
1818 988 1970 1038 qumdo’
1990 987 2107 1037 pluit,
2144 988 2256 1043 Capt.
2282 988 2320 1036 2,

329 1060 367 1108 2,
401 1058 465 1099 86.
518 1062 613 1098 iram
640 1063 680 1098 in
702 1065 878 1111 promptu
902 1073 1048 1110 yet-ere,
1084 1059 1223 1098 Pseud.
1252 1060 1287 1107 l,
1311 1059 1350 1107 5,
1376 1058 1438 1098 34.
1456 1058 1491 1109 ²)
1543 1059 1689 1097 laa'bitat
1711 1059 1774 1097 laic
1799 1061 1839 1097 in
1860 1061 2067 1109 pro'oeumo,
2101 1060 2192 1100 Cist.
2221 1061 2256 1109 1,
2285 1061 2322 1109 1,

330 1132 417 1172 102.
438 1133 470 1183 8)
524 1136 564 1171 επ
586 1147 648 1184 pr.
675 1134 747 1194 ωε.
763 1135 964 1172 devo'rtimr
990 1133 1107 1183 Apud
1144 1157 1170 1161 -
1210 1134 1399 1183 hospitem,
1426 1130 1507 1171 Mil.
1534 1131 1572 1179 2,
1601 1132 1637 1178 1,
1662 1115 1726 1171 5'6.
1777 1133 1842 1170 hic
1866 1135 1907 1170 in
1926 1146 1991 1183 pr.
2018 1139 2080 1178 m,
2107 1134 2191 1174 Mil.
2218 1135 2255 1180 2,
2281 1134 2319 1180 3,

329 1204 393 1245 30.
448 1205 542 1245 Cist.
567 1206 605 1254 4,
633 1207 670 1254 2,
696 1205 760 1246 86.
813 1207 889 1245 Hic
914 1208 953 1244 in
974 1220 1037 1257 pr.
1065 1205 1250 1259 (vidisse),
1281 1205 1362 1245 Mil.
1380 1205 1418 1253 2,
1443 1205 1481 1252 2,
1511 1204 1598 1244 109.
1632 1204 1671 1252 2,
1698 1204 1736 1253 3,
1763 1204 1826 1245 48.
1861 1204 1900 1253 2,
1926 1205 1966 1253 4,
1995 1205 2057 1247 13.
2110 1209 2199 1259 quia
2225 1208 2321 1247 hanc

329 1284 507 1331 attz'nqere
532 1293 644 1318 ausus
670 1280 855 1318 muilier-em
880 1280 943 1318 laic
968 1282 1007 1317 in
1028 1293 1103 1330 pr„
1131 1278 1184 1318 ib.
1203 1279 1241 1326 2,
1258 1279 1297 1327 5,
1313 1278 1377 1318 62.
1396 1279 1430 1329 4’)
1480 1280 1577 1317 senis
1602 1278 1711 1317 ladius
1736 1292 1835 1317 uxor
1852 1279 2161 1330 Periplectomeni
2185 1283 2225 1319 in
2246 1294 2320 1332 pr..

329 1352 382 1392 ib.
409 1353 447 1401 4,
476 1353 512 1401 1,
538 1353 602 1392 22.
651 1355 799 1404 praedo
825 1355 865 1391 in
881 1367 948 1404 pr.
976 1358 1048 1401 est,
1082 1352 1218 1392 Pseud.
1251 1351 1290 1400 3,
1315 1352 1354 1400 2,
1383 1352 1469 1392 105.
1521 1354 1628 1404 apud
1647 1354 1805 1404 ficita-em
1831 1367 1945 1392 coeno
1972 1355 2012 1392 in
2033 1365 2109 1404 pn,
2135 1353 2255 1394 Stich.
2282 1355 2319 1402 4,

328 1427 367 1474 2,
392 1426 455 1467 32.
509 1429 587 1466 Res
614 1428 740 1466 adhuc
766 1450 818 1457 -—
844 1429 884 1465 in
911 1428 1057 1471 ιιιωέτ,
1092 1426 1211 1465 Mero.
1238 1427 1276 1474 2,
1303 1425 1341 1474 3,
1367 1425 1429 1465 48.
1849 1441 1853 1449 ·

433 1575 469 1612 7.
523 1572 721 1612 Facillime
748 1577 787 1611 in
814 1586 838 1612 a
864 1571 940 1612 loci
967 1574 1129 1612 notione
1157 1571 1386 1612 transfertur
1420 1572 1471 1611 ad
1507 1572 1788 1627 designandam
1820 1573 2015 1612 actionem
2048 1571 2220 1625 aliquam
2253 1582 2322 1613 aut

329 1647 614 1694 conditionem,
649 1647 691 1684 in
723 1660 802 1697 qua
836 1646 932 1697 quid
967 1653 1042 1693 est3
1087 1653 1155 1684 aut
1181 1646 1235 1684 ita
1262 1646 1468 1701 cogitanda
1494 1653 1551 1684 est
1576 1660 1658 1693 res,
1696 1653 1739 1684 ut
1765 1644 1896 1697 aliqua
1922 1646 2097 1685 conditio
2125 1653 2192 1685 aut
2219 1648 2320 1687 actio

329 1720 439 1772 quasi
466 1719 673 1760 comitetur
698 1718 862 1759 alteram
889 1719 1095 1760 actionem.
1149 1718 1263 1767 Quae
1291 1719 1467 1759 notiones
1493 1717 1586 1757 alias
1612 1717 1822 1773 temporali
1848 1726 1887 1758 et
1913 1719 2168 1759 conditionali
2194 1721 2321 1775 parti—

329 1791 417 1832 cula
453 1796 520 1832 alit
553 1792 762 1833 verborum
796 1792 1010 1847 participiis
1046 1791 1311 1831 enuntiantur.
1370 1792 1500 1846 Ipsum
1531 1798 1660 1830 autem
1687 1792 1761 1831 loci
1787 1790 2019 1832 vocabulum
2046 1792 2149 1832 banc
2175 1792 2320 1833 habere

329 1866 564 1906 conditionis
591 1865 823 1904 indicandae
850 1865 926 1904 vim
961 1879 1007 1904 ex
1041 1864 1191 1916 aliquot
1222 1872 1326 1904 certe
1353 1863 1537 1920 exemplis
1564 1863 1750 1904 Plautinis
1776 1872 1901 1921 patet:
1954 1872 1996 1905 ut
2027 1870 2142 1918 subpo
2175 1869 2250 1905 iam
2281 1870 2320 1906 in

328 1940 448 1977 mltis
472 1941 565 1977 locis
591 1940 683 1977 Plus
709 1942 867 1976 insciens
894 1942 975 1989 quis
997 1941 1097 1988 fe'cit
1121 1953 1232 1989 quam
1253 1941 1423 1988 prude'ns
1450 1940 1552 1987 boni,
1580 1939 1692 1992 Capt.
1720 1938 1819 1993 prol.
1837 1939 1901 1977 44.
1956 1954 2030 1990 quo
2056 1944 2095 1978 in
2119 1941 2201 1978 loco
2227 1941 2321 1977 haec
2356 1957 2362 1960 ·

327 2027 386 2052 res
412 2016 461 2052 sit
483 2014 597 2057 vides,
624 2012 700 2066 Ep.
731 2011 766 2059 l,
796 2011 831 2058 l,
858 2011 920 2051 75.
974 2014 1008 2050 si
1034 2026 1102 2062 eqo
1128 2014 1168 2049 in
1194 2013 1289 2050 istoc
1316 2013 1406 2050 sie'm
1432 2012 1524 2055 loco,
1550 2011 1691 2051 Bacch.
1718 2012 1755 2057 4,
1782 2011 1820 2057 9,
1849 2012 1937 2052 116.
1974 2027 2052 2051 meo
2080 2027 2147 2064 eqo
2174 2015 2213 2051 in
2238 2013 2320 2051 loco

328 2086 370 2137 (i.
398 2101 431 2126 e.
460 2093 649 2139 quantum
678 2086 718 2124 in
746 2100 808 2125 me
836 2088 910 2135 est)
943 2086 1070 2124 sedulo
1097 2086 1253 2130 curabo,
1287 2084 1388 2124 Pers.
1414 2084 1452 2132 5,
1478 2085 1516 2132 2,
1541 2084 1605 2125 62.
1659 2086 1747 2124 Non
1782 2090 1820 2125 in
1846 2087 1928 2125 loco
1955 2090 2042 2126 emit
2060 2088 2226 2138 perbono
2251 2087 2319 2125 luis

327 2160 451 2213 (aedis
481 2183 527 2191 -
556 2159 647 2210 nicht
673 2159 741 2202 mit
766 2159 965 2211 ssottbeit),
992 2158 1107 2199 Most.
1131 2158 1169 2207 3,
1199 2158 1235 2207 1,
1265 2157 1351 2198 143.
1405 2159 1507 2198 Doeim
1532 2173 1613 2199 ntea
1638 2165 1826 2207 amem,-
1853 2164 1892 2199 in
1918 2160 2043 2213 aliquo
2070 2162 2137 2200 tibi
2159 2161 2320 2211 qratiam
2351 2182 2359 2191 -

326 2237 488 2285 refer-cim
513 2235 614 2278 loco,
647 2233 747 2271 Rud.
775 2233 813 2279 2,
840 2233 878 2280 7,
908 2233 968 2271 17.
989 2233 1021 2283 ⁶)
1076 2231 1241 2284 Reliqua
1268 2231 1381 2270 huius
1408 2232 1560 2287 generis
1586 2231 1763 2288 exempla
1789 2231 1888 2272 haec
1913 2240 2019 2272 sunt:

432 2309 492 2346 I‘n
518 2307 700 2346 adulterio
727 2308 816 2344 daim
842 2307 1067 2351 moechissat,
1099 2306 1285 2353 Ca'sinam,
1312 2307 1436 2350 credo,
1458 2307 1641 2356 perdidit,
1668 2306 1752 2345 Cas.
1780 2306 1819 2355 5,
1845 2306 1883 2355 4,
1910 2306 1948 2346 7.
2001 2307 2050 2346 ah
2084 2319 2174 2345 cave
2200 2310 2240 2344 tu
2266 2305 2320 2343 illi

328 2384 483 2420 obiectes
508 2383 608 2418 ηάηι·
633 2383 673 2417 in
699 2382 941 2431 aeyritddine,
970 2380 1084 2419 Most.
1103 2379 1142 2427 3,
1159 2380 1197 2427 2,
1218 2378 1306 2418 123.
1359 2380 1537 2430 Be'ncque
1553 2394 1615 2418 ero
1639 2384 1794 2430 yesst'sse
1819 2394 1953 2418 morem
1978 2383 2018 2418 in
2044 2382 2155 2418 ta'nta‘s
2181 2392 2317 2416 aerum-

391 2571 423 2609 ¹)
456 2575 546 2613 vulg.
568 2572 633 2603 sibi
653 2581 730 2602 esse.

387 2634 421 2672 ²)
455 2635 488 2666 in
508 2640 651 2671 promptu
673 2636 732 2666 etsi
756 2635 946 2665 substantivi
969 2636 1064 2665 habet
1086 2635 1233 2672 sormam,
1261 2637 1366 2665 tamon
1388 2636 1450 2665 hnc
1472 2637 1630 2674 pertinere
1652 2636 1787 2666 videtur.

388 2697 423 2735 ⁸)
456 2700 513 2729 sed
535 2707 687 2734 proxuma
708 2697 843 2734 vicinia,
872 2698 968 2728 Most.
991 2695 1022 2734 5,
1045 2695 1075 2737 1,
1099 2695 1150 2728 14.
1194 2697 1263 2727 Mil.
1284 2694 1317 2736 2,
1339 2694 1370 2737 3,
1392 2694 1424 2728 2.

387 2762 423 2799 ⁴)
455 2764 548 2794 Lind.
571 2762 645 2793 hinc
667 2771 684 2792 e
705 2772 752 2798 vr.
774 2771 838 2792 non
861 2764 977 2792 monito
1004 2763 1123 2793 lectore
1144 2763 1242 2792 unde.

389 2826 422 2863 ⁵)
455 2829 543 2868 vulg.
567 2830 701 2864 reserum
722 2826 857 2864 aratiam
879 2828 996 2857 omisso
1018 2829 1101 2864 loco,
1130 2828 1214 2863 quod
1237 2835 1255 2856 e
1278 2827 1347 2857 cod.
1369 2827 1517 2862 Ambros.
1540 2827 1673 2858 inseruit
1695 2828 1750 2857 W.
