2567 3316
338 383 379 418 in
404 382 523 427 aedis,
550 379 603 418 ib.
629 379 667 429 5,
694 380 730 429 2,
758 378 822 420 83.
876 380 1013 433 Neque
1034 383 1169 432 pedem
1194 394 1311 418 meum
1335 381 1410 418 huc
1434 380 1542 418 inmli
1567 381 1677 426 etiam
1702 382 1743 418 in
1768 384 1889 430 ae'dis,
1918 382 2056 438 Amph.
2073 382 2110 431 2,
2137 382 2174 431 2,
2202 382 2289 423 101.
2306 384 2335 433 ¹)

338 457 378 492 in
403 455 515 493 hasce
540 455 646 492 aedis
667 455 804 505 pedem
830 455 951 493 Nema
979 459 1075 494 intra
1101 455 1226 501 tetulit,
1261 453 1376 493 Most.
1403 453 1440 503 2,
1466 454 1502 501 2,
1528 451 1593 493 39.
1645 467 1755 504 πωροι
1781 460 1816 494 te
1841 458 2004 509 unquam
2023 458 2160 508 pedem
2188 457 2217 494 1’
2221 471 2246 495 n
2273 470 2336 496 eas

338 529 444 566 aedis
469 527 652 575 intulisse,
685 527 792 565 Men.
818 527 856 570 5,
883 527 920 575 2,
947 527 1001 566 66
1028 542 1084 580 sq.
1137 529 1347 566 Ba'rbarum
1372 527 1554 577 hospite'm
1579 529 1631 564 mi
1655 529 1695 564 in
1721 530 1829 567 aedis
1854 530 1911 568 m'l
1934 543 2073 579 moror,
2108 529 2209 568 Rud.
2236 530 2273 579 2,
2298 529 2335 578 7,

336 600 400 639 25.
457 599 594 639 Clades
621 624 673 630 —
699 603 739 639 in
764 606 927 639 nostram
953 603 1106 640 advenit
1130 604 1286 649 domum,
1314 601 1425 656 Cnpt.
1443 600 1479 648 4,
1506 600 1544 647 4,
1571 599 1608 640 3.
1662 603 1813 653 quando
1840 608 1875 641 te
1902 607 1940 642 e't
1964 606 2162 642 amicitiam
2189 608 2226 641 et
2245 605 2334 654 ¹qra'-

337 678 426 712 tiam
452 677 492 712 in
517 677 680 713 uasti-dm
706 677 853 713 dantum
890 677 1008 713 Video
1035 677 1196 722 allicere,
1222 675 1334 713 Trin.
1360 675 1397 718 2,
1419 675 1456 721 2,
1475 674 1563 713 101.
1617 676 1658 712 In
1686 677 1898 714 ae'cliculam
1923 680 2043 715 istanc
2067 674 2225 715 sim-mn
2250 691 2334 715 cou-

340 747 446 786 eludi
470 747 573 796 volo,
606 747 681 801 Ep.
709 745 745 795 3,
772 745 808 794 3,
835 746 899 786 21.
955 748 1078 786 Malo's
1104 750 1144 786 in
1170 762 1275 799 quem
1301 749 1471 802 (agrum)
1503 761 1625 786 onmes
1648 747 1798 798 publice
1822 751 1922 788 mitti
1941 751 2062 795 decet,
2096 749 2208 789 Trin.
2234 748 2271 798 2,
2297 749 2334 797 4,

338 819 428 860 147.
484 820 606 865 Qua'm
642 833 750 872 maye
783 822 823 860 in
857 820 969 860 altum
1001 823 1039 860 te'
1065 823 1249 873 capessis,
1281 825 1353 860 tam
1379 821 1501 859 ae'stus
1528 824 1562 859 te
1587 821 1627 859 in
1648 821 1799 872 portam
1823 825 1955 874 refert,
1989 822 2093 863 Asin.
2124 822 2157 872 l,
2185 821 2221 873 3,
2247 820 2333 874 6.²)

338 896 402 933 ubi
428 908 550 933 sumus
572 896 744 945 provecti
770 897 808 933 in
835 895 959 939 altum,
987 893 1070 933 Mil.
1089 895 1125 943 2,
1156 895 1190 944 1,
1217 894 1278 935 39.
1332 894 1478 932 Illo'rum
1503 896 1609 932 navis
1633 894 1742 945 ldnqe
1767 896 1807 932 in
1833 896 1946 935 altum
1972 898 2207 945 abscesserat,
2234 896 2334 935 Rud.

338 966 439 1023 prol.
466 967 530 1006 66.
585 969 706 1006 abisse
735 982 884 1019 pessum
911 971 950 1006 in
977 969 1107 1013 altum,
1142 969 1194 1007 ib.
1221 969 1259 1015 2,
1285 968 1321 1017 3,
1346 967 1409 1006 64.
1430 967 1462 1016 ⁸)
1519 967 1610 1006 Cum
1635 969 1747 1006 hasce
1772 969 1908 1007 he'rbas
1933 970 2144 1009 huiusmodi
2167 973 2206 1008 in
2231 983 2334 1008 suum

339 1042 460 1081 alvum
488 1044 703 1092 co'nyerunt,
730 1041 865 1081 Pseud.
892 1041 929 1090 3,
957 1042 993 1091 2,
1020 1041 1084 1081 34.
1139 1045 1179 1080 in
1206 1044 1250 1081 id
1274 1043 1505 1094 dnyiportum
1531 1045 1590 1080 me‘
1614 1043 1759 1080 devorti
1783 1044 1951 1091 iusserat,
1978 1044 2030 1083 ih.
2049 1044 2085 1093 4,
2102 1044 2140 1092 2,
2157 1043 2194 1083 6.
2234 1045 2336 1083 Da'te

338 1118 389 1153 mi
413 1117 488 1153 huc
514 1121 670 1153 stactam
697 1122 807 1166 atque
832 1120 950 1165 (quem
977 1118 1016 1153 in
1044 1130 1160 1163 aram,
1187 1116 1305 1154 Truc.
1331 1116 1367 1163 2,
1392 1115 1430 1163 5,
1454 1114 1520 1154 23.
1572 1118 1612 1152 in
1639 1117 1761 1153 a'rcem
1792 1117 1894 1163 dbiit,
1928 1117 2066 1156 Bacch.
2093 1118 2130 1165 4,
2156 1117 2192 1165 8,
2218 1117 2280 1156 59.
2299 1118 2333 1167 ⁴)

338 1190 443 1240 quod
468 1191 507 1227 in
535 1203 662 1228 aurem
687 1192 760 1228 τότε
785 1191 937 1240 reyinae
963 1190 1116 1237 (liz-erit,
1144 1188 1257 1228 Trin.
1273 1189 1306 1237 1,
1332 1187 1368 1236 2,
1399 1188 1482 1227 170.
1535 1189 1591 1228 ad
1617 1175 1791 1227 Bacchas
1816 1191 1900 1228 veni
1926 1194 1965 1228 in
1991 1192 2220 1236 Bacchanal,
2247 1188 2332 1230 Aul.

337 1261 375 1311 3,
404 1261 438 1311 1,
465 1260 502 1302 3.
557 1262 640 1301 I'lle
666 1264 704 1300 in
731 1262 895 1302 balinea's
921 1264 1065 1307 itta-sut,
1094 1262 1199 1302 Asin.
1226 1261 1263 1311 2,
1280 1262 1318 1310 2,
1334 1261 1398 1302 90.
1433 1263 1463 1301 it
1486 1262 1646 1301 lavaatm
1675 1261 1718 1301 In
1743 1262 1827 1308 bal„
1854 1261 1955 1303 Rud.
1974 1263 2013 1312 2,
2030 1262 2068 1312 3,
2085 1263 2148 1304 52.
2189 1265 2334 1316 effunde

336 1340 408 1376 hoc
434 1340 508 1376 cito
536 1338 580 1375 In
607 1337 837 1383 barathrum,
874 1337 985 1375 Curc.
1017 1336 1051 1384 l,
1078 1336 1116 1384 2,
1141 1335 1206 1374 29.
1259 1338 1299 1373 in
1324 1336 1532 1373 barathrum
1558 1336 1726 1373 ma'velim
1752 1335 2073 1391 (introrumpas)‚
2108 1336 2208 1376 Rud.
2234 1338 2270 1384 2,
2296 1337 2332 1385 7,

337 1410 399 1449 12.
452 1411 562 1448 Enim
588 1413 711 1449 metuo
736 1416 780 1448 ut
796 1412 938 1461 possim
964 1412 1003 1448 in
1030 1410 1185 1448 habilem
1210 1412 1372 1452 reiicere,
1398 1422 1445 1446 ne
1470 1411 1660 1459 vagentur,
1687 1408 1790 1448 Pers.
1808 1409 1846 1458 2,
1872 1409 1909 1458 5,
1939 1395 2000 1448 18.
2021 1409 2052 1459 ⁶)
2105 1412 2160 1448 ire
2185 1413 2225 1448 in
2252 1424 2330 1448 car·

339 1499 472 1532 cerem,
499 1482 619 1524 Poen.
647 1483 684 1534 3,
710 1484 747 1533 3,
774 1484 837 1524 79.
890 1487 923 1523 si
948 1486 1096 1523 tre'sbiri
1122 1498 1179 1522 me
1205 1486 1244 1522 in
1271 1497 1303 1522 c.
1332 1485 1588 1534 compe'qerint,
1614 1481 1757 1538 Amph.
1779 1483 1812 1532 1,
1841 1482 1875 1533 l,
1902 1482 1939 1522 3.
1993 1484 2058 1522 Et
2080 1485 2126 1522 ob
2153 1497 2233 1522 eam
2257 1498 2346 1533 rem⁸

335 1561 376 1597 in
403 1573 435 1597 c.
464 1561 529 1598 ted
553 1561 633 1597 esse
659 1560 889 1610 compactum
915 1561 1004 1603 scio,
1031 1557 1138 1596 Men.
1165 1557 1203 1602 5,
1231 1557 1268 1604 5,
1299 1556 1360 1596 39.
1381 1556 1412 1606 ⁶)
1463 1557 1548 1595 Neu
1581 1562 1616 1595 te
1647 1559 1687 1594 in
1721 1570 1753 1595 c.
1782 1559 1970 1608 compinyi
1995 1563 2198 1609 aequomst,
2232 1557 2331 1597 Rud.

335 1632 373 1680 3,
400 1633 437 1681 4,
466 1632 526 1673 10.
549 1632 583 1683 ⁷)
636 1635 675 1672 in
702 1647 735 1672 c.
764 1633 907 1683 (veni),
942 1630 1061 1672 Stich.
1089 1632 1128 1679 4,
1154 1631 1191 1681 2,
1224 1631 1287 1670 41.
1339 1632 1378 1669 in
1411 1644 1443 1670 c.
1469 1633 1560 1679 ires,
1597 1629 1649 1670 ib.
1676 1630 1740 1670 44.
1793 1633 1832 1670 in
1859 1636 1982 1670 castra
2009 1645 2058 1670 ex
2083 1632 2171 1670 urbe
2196 1655 2248 1661 —
2273 1645 2330 1670 ve·

335 1709 451 1756 niunt,
479 1706 621 1762 Amph.
652 1707 686 1752 l,
716 1707 750 1755 l,
779 1706 866 1745 100.
921 1709 960 1744 in
988 1720 1019 1744 c.
1047 1708 1173 1752 redeo,
1207 1705 1281 1759 Ep.
1308 1704 1346 1751 3,
1372 1704 1408 1754 2,
1434 1704 1497 1744 45.
1550 1718 1649 1743 nunc
1675 1705 1847 1756 intelleyo
1873 1706 2227 1755 Redauspicandum
2255 1719 2331 1744 esse

335 1785 373 1817 in
400 1786 550 1819 catenas
575 1782 711 1824 ἀένιιιο,
747 1780 859 1834 Capt.
886 1778 922 1828 3,
950 1779 986 1827 5,
1016 1778 1103 1818 109.
1158 1778 1201 1816 In
1229 1780 1377 1816 ca'veam
1402 1777 1513 1816 latam
1550 1775 1770 1827 (cistellam)
1803 1779 1981 1828 opo'rtuit,
2025 1777 2115 1816 Cist.
2141 1777 2178 1826 4,
2203 1777 2240 1825 2,
2266 1777 2328 1818 66.

337 1858 372 1892 te
396 1856 437 1892 in
465 1867 498 1892 c.
525 1855 643 1901 dabo,
678 1853 790 1908 Capt.
821 1852 854 1899 l,
881 1853 918 1899 2,
948 1852 1009 1892 15.
1064 1866 1132 1903 eqo
1166 1854 1205 1890 in
1240 1852 1377 1890 coelum
1403 1853 1539 1901 miyro,
1573 1850 1715 1905 Amph.
1741 1851 1779 1899 5,
1806 1850 1844 1898 2,
1873 1850 1932 1890 13.
1986 1851 2023 1889 Is
2049 1852 2141 1889 odo's
2166 1852 2330 1890 demissis

332 1929 496 1976 pedibus
522 1929 562 1964 in
588 1940 621 1965 c.
649 1927 769 1973 volat,
797 1926 931 1964 Pseud.
959 1925 995 1969 3,
1023 1926 1060 1973 2,
1087 1925 1151 1963 52.
1210 1926 1284 1975 Qui
1305 1926 1493 1974 periurum
1520 1927 1716 1962 convenire
1741 1925 1819 1962 vo'lt
1841 1926 2037 1970 hominem,
2063 1927 2115 1962 ito
2142 1927 2180 1961 in
2210 1925 2328 1963 Comi·

398 2137 430 2174 ¹)
465 2140 556 2179 vulg.
578 2147 681 2169 vneum
702 2140 825 2174 pedem.

396 2211 429 2248 ²)
463 2214 554 2253 vulg.
576 2212 677 2250 smmis
700 2218 730 2243 te
752 2212 785 2243 in
807 2215 916 2243 altum.

399 2287 433 2323 ³)
467 2290 557 2327 vulg.
580 2287 733 2322 ιιῠίυἰυε,
761 2288 811 2325 Δρ
834 2287 955 2324 abisse,
985 2286 1037 2325 Θρ
1060 2288 1187 2317 abiisse.

393 2362 428 2399 ⁴)
461 2365 551 2403 vulg.
574 2362 690 2397 abivit,
718 2364 775 2393 sed
800 2368 938 2401 prsestat
960 2365 1078 2394 hiatum
1102 2365 1134 2393 in
1159 2371 1292 2393 caesura
1316 2367 1469 2399 statuere,
1499 2372 1590 2400 quam
1614 2363 1744 2393 sormam
1767 2363 1912 2400 scriptori
1936 2361 2104 2392 obtrudere
2127 2363 2251 2392 omnino
2275 2364 2324 2392 vix

463 2427 602 2458 latinam.

396 2501 429 2537 ⁵)
463 2502 559 2532 Acid.
582 2503 704 2532 Psreus
728 2500 849 2538 babile,
876 2503 933 2531 W.
955 2500 1073 2532 reicere
1095 2502 1129 2531 in
1153 2500 1291 2531 {nubilem
1314 2509 1382 2529 cum
1405 2502 1512 2539 Both,
1548 2502 1627 2530 Mss.
1650 2506 1732 2531 teste
1755 2503 1855 2531 Pareo
1879 2498 2067 2530 imbubilem-

397 2575 428 2614 ⁶)
461 2575 509 2609 8³
532 2577 625 2608 tebde
647 2586 703 2616 pro
727 2577 782 2608 ted
787 2587 800 2617 ,-
823 2577 895 2607 sort.
919 2580 980 2607 tete
1003 2581 1057 2607 aut
1079 2581 1162 2613 teme
1184 2576 1367 2616 legendum
1391 2577 1448 2607 etsi
1472 2565 1553 2607 enim
1578 2577 1655 2606 alins
1679 2585 1741 2607 non
1759 2577 1918 2607 invenitur
1933 2575 2012 2606 illud
2027 2578 2080 2610 pte
2095 2575 2154 2605 nisi
2170 2584 2324 2606 annexum

465 2643 703 2678 pronominibus
727 2641 940 2679 possessivis,
964 2644 1066 2670 tamen
1091 2641 1189 2670 semel
1213 2644 1298 2669 certe
1321 2642 1412 2669 etiam
1435 2642 1465 2669 in
1488 2641 1647 2678 personali
1671 2642 1755 2678 apud
1778 2642 1924 2670 Plautum
1947 2639 2062 2678 iegitur
2083 2639 2168 2669 Mon.
2180 2638 2211 2677 5,
2225 2637 2257 2673 8,
2274 2637 2325 2670 10.

462 2704 538 2743 quoi
558 2704 799 2735 certissimmst
814 2705 921 2740 Mente
942 2704 1045 2739 notius
1066 2704 1136 2741 fieri
1156 2713 1289 2739 servom,
1312 2713 1402 2741 quum
1425 2710 1455 2735 te
1476 2714 1613 2743 unquam
1636 2705 1776 2735 eminam
1798 2714 1903 2740 manu,
1926 2704 1980 2733 ubi
1994 2703 2045 2740 Ap
2068 2712 2086 2732 n
2109 2713 2147 2734 m.
2170 2704 2190 2734 1.
2212 2709 2324 2742 mente,

461 2769 544 2799 idem
569 2777 586 2798 a
610 2778 650 2799 m.
671 2766 703 2799 2.
725 2773 846 2806 mepte,
879 2766 949 2807 eps
972 2774 1102 2804 meante.

397 2842 429 2880 ⁷)
462 2845 550 2885 vulg.
565 2842 647 2874 Nive
668 2848 776 2874 contr·
791 2841 874 2882 Aop
898 2848 929 2874 et
952 2848 997 2873 est
1019 2852 1150 2881 aequom
1174 2847 1283 2873 contra
1305 2850 1432 2873 versum
1456 2847 1508 2872 sut
1531 2843 1635 2872 hiatus
1659 2843 1845 2873 statuendus
1869 2846 1918 2872 est
1940 2842 1971 2870 in
1994 2848 2134 2877 aequom,
2157 2849 2248 2877 quem
2268 2843 2325 2871 nd-

462 2909 544 2938 misit
567 2910 622 2938 tv.
